2163 3401
771 72 1137 119 AENfflnos
1181 70 1320 121 LIB.
1371 72 1528 122 VIII.
1885 74 1978 121 233

268 153 572 206 Accessum
607 151 845 205 lustrans
879 150 986 204 huc
1022 166 1120 204 ora
1153 150 1370 205 ferebat
1405 153 1464 205 et
1498 151 1640 220 illuc,

269 226 548 282 Dentibus
582 228 911 282 infrendens,
985 228 1092 281 Ter
1127 231 1308 281 totum
1330 227 1578 282 fervidus
1611 228 1696 284 ira
1911 242 1988 283 no

270 305 503 358 Lustrat
541 304 804 358 Aventini
840 308 1115 369 montem3
1161 307 1251 359 ter
1287 322 1452 359 saxea
1486 308 1728 374 temptat

270 381 491 435 Limina
523 381 885 449 nequiquam;
932 384 1023 434 ter
1056 381 1232 435 fessus
1267 381 1407 434 valle
1443 382 1665 437 resedit.

270 458 471 511 Stabat
506 460 667 510 acuta
702 457 854 524 silex,
890 458 1152 525 praecisis
1187 458 1431 526 undique
1469 458 1614 511 szixis

269 534 575 603 Speluncae
612 532 774 587 dorso
809 534 1115 601 insurgens,
1147 533 1412 588 altissima
1449 535 1582 601 visu,

269 611 531 664 Dirarum
566 610 712 663 nidis
747 611 943 664 domus
978 614 1288 679 opportuna
1322 611 1614 665 volucrum.
1910 626 1982 667 2³5

270 688 449 753 Hanc,
484 690 548 741 ut
582 703 755 755 prona
789 688 917 755 iugo
952 687 1168 741 laevum
1204 687 1555 741 incumbebat
1590 686 1664 740 ad
1689 700 1904 739 amnem

270 764 487 819 Dexter
520 764 576 816 in
612 763 899 817 adversum
938 764 1122 817 nitens
1155 765 1440 831 concussit,
1478 767 1538 817 et
1572 764 1697 817 imis

270 841 537 893 Avolsam
574 840 734 901 solvit
770 840 1073 904 radicibus3
1120 839 1252 894 inde
1287 844 1516 909 repente

272 917 513 985 Inpulit;
556 917 773 985 inpulsu
810 933 917 986 quo
953 933 1242 970 maxumus
1277 917 1495 971 intonat
1527 913 1740 981 aether,

270 992 585 1047 Dissultant
620 994 773 1061 ripae
807 992 1104 1061 refluitque
1142 993 1442 1047 exterritus
1475 993 1664 1047 amnis.
1908 1006 1984 1045 ιω

271 1072 353 1124 At
392 1086 588 1139 specus
622 1074 681 1123 et
720 1069 845 1122 Caci
883 1069 1106 1123 detecta
1140 1069 1394 1137 adparuit
1429 1068 1622 1137 ingens

270 1147 465 1215 Regia,
502 1151 560 1200 et
594 1145 883 1199 umbrosae
917 1146 1136 1213 penitus
1171 1149 1403 1213 patuere
1441 1162 1735 1201 cavernae:

270 1224 398 1277 Non
435 1240 603 1290 secus,
640 1239 703 1276 ac
739 1222 784 1275 si
822 1239 933 1291 qua
965 1223 1188 1290 penitus
1223 1222 1278 1275 vi
1312 1226 1464 1276 terra
1499 1222 1785 1277 dehiscens

269 1300 529 1353 Infernas
563 1302 775 1353 reseret
810 1298 971 1353 sedes
1009 1302 1069 1351 et
1105 1315 1274 1366 regna
1308 1299 1559 1353 recludat

270 1375 505 1443 Pallida,
541 1375 627 1430 dis
663 1376 846 1443 invisa,
884 1391 1160 1444 superque
1196 1375 1411 1428 inmane
1449 1374 1766 1429 barathrum
1910 1389 1982 1428 ω

271 1454 564 1521 Cernatur,
601 1451 994 1521 trepidentque
1030 1451 1252 1505 inmisso
1290 1450 1494 1503 lumine
1531 1450 1736 1504 Manes.

271 1530 425 1596 Ergo
458 1529 739 1597 insperata
775 1528 1108 1596 deprensum
1144 1528 1200 1579 in
1236 1526 1356 1579 luec
1392 1530 1620 1595 repente

273 1604 667 1673 Inclusumque
704 1620 834 1657 cavo
872 1620 1003 1657 saxo
1040 1608 1212 1672 atque
1247 1603 1463 1656 insueta
1497 1601 1792 1657 rudentem

272 1680 529 1751 Desuper
564 1681 789 1735 Alcides
825 1681 951 1735 telis
986 1680 1203 1750 premit,
1243 1679 1528 1748 omniaque
1565 1694 1720 1733 arma

274 1758 547 1826 Advocat,
584 1762 643 1812 et
678 1758 845 1811 ramis
880 1757 1158 1825 vastisque
1194 1756 1490 1810 molaribus
1526 1757 1710 1810 instat.
1911 1771 1984 1810 250

274 1835 384 1889 Ille
418 1839 619 1901 autem,
654 1851 836 1905 neque
872 1833 1017 1887 enim
1053 1834 1186 1900 fuga
1218 1833 1327 1889 iam
1363 1850 1528 1903 super
1563 1832 1674 1886 ulla
1709 1832 1912 1902 pericli,

273 1911 547 1966 Faucibus
582 1911 860 1979 ingentem
896 1908 1404 1981 fumum-mirabile
1438 1910 1606 1978 dictu,

272 1987 497 2041 Evomit
530 1987 866 2056 involvitque
903 1986 1127 2040 domum
1163 1986 1391 2055 caligine
1427 2004 1601 2056 caeca,

275 2063 637 2132 Prospectum
675 2063 913 2131 eripiens
948 2063 1129 2128 oculis,
1165 2064 1542 2133 glomeratque
1577 2064 1680 2117 sub
1714 2068 1874 2118 antro

273 2140 613 2194 Fumiferam
649 2143 865 2193 noctem
901 2140 1210 2193 commixtis
1246 2140 1370 2208 igne
1405 2139 1663 2194 tenebris.
1910 2153 1984 2193 2⁵⁶

271 2217 402 2270 Non
437 2216 569 2270 tulit
607 2216 831 2270 Alcides
866 2215 1076 2284 animis,
1115 2233 1285 2284 seque
1319 2216 1436 2284 ipse
1472 2232 1574 2284 per
1606 2215 1792 2282 ignem

275 2293 575 2361 Praecipiti
610 2292 739 2346 iecit
776 2292 935 2361 saltu,
971 2309 1084 2362 qua
1117 2292 1385 2362 plurimus
1420 2290 1624 2344 undam

272 2371 488 2424 Fumus
521 2369 636 2436 agit
672 2367 983 2438 nebulaque
1017 2369 1208 2437 ingens
1244 2383 1437 2436 specus
1473 2371 1690 2422 aestuat
1723 2372 1858 2424 atra.

274 2445 385 2500 Hic
424 2445 627 2500 Cacum
663 2445 720 2498 in
755 2445 1001 2499 tenebris
1037 2444 1292 2500 incendia
1326 2462 1464 2498 vana
1501 2449 1811 2500 vomentem

273 2521 520 2590 Corripit
554 2521 611 2576 in
648 2521 852 2576 nodum
888 2521 1200 2590 conplexuS,
1236 2525 1294 2575 et
1329 2522 1482 2589 angit
1516 2520 1807 2574 inhaerens
1911 2535 1984 2574 κω

272 2598 456 2652 Elisos
492 2598 675 2652 oculos
712 2603 770 2653 et
805 2599 1006 2652 siccum
1043 2598 1306 2667 sanguine
1340 2601 1549 2665 guttur.

274 2674 548 2728 Panditur
584 2675 859 2744 extemplo
894 2675 1106 2729 foribus
1141 2675 1336 2728 domus
1371 2677 1494 2728 atra
1528 2673 1766 2742 revolsis,

274 2750 724 2819 Abstractaeque
758 2751 929 2806 boves
964 2751 1355 2819 abiurataeque
1391 2749 1615 2819 rapinae

274 2827 442 2882 Caelo
478 2828 859 2895 ostenduntur,
896 2829 1239 2898 pedibusque
1274 2827 1505 2880 informe
1540 2826 1775 2880 cadaver

274 2903 643 2960 Protrahitur.
717 2903 1013 2973 Nequeunt
1050 2903 1260 2972 expleri
1295 2903 1464 2956 corda
1499 2902 1703 2956 tuendo
1911 2917 1982 2955 ωε

273 2979 560 3034 Terribilis
596 2980 793 3045 oculos,
827 2980 1035 3034 voltum
1069 2979 1366 3046 villosaque
1403 2978 1569 3030 saetis

272 3057 511 3110 Pectora
545 3055 789 3111 semiferi
823 3059 991 3124 atque
1026 3053 1325 3110 exstinctos
1362 3052 1608 3106 faucibus
1640 3052 1796 3120 ignis.

273 3132 362 3186 Ex
396 3131 493 3186 illo
526 3131 840 3186 celebratus
872 3129 1059 3197 honos,
1095 3127 1337 3197 laetique
1372 3127 1610 3180 minores
