2163 3401
227 105 287 151 ιε
681 100 737 146 P.
779 99 1084 146 VERGILI
1120 81 1451 147 MAR'oms

226 181 414 250 Incipe
453 179 753 233 Maenalios
791 196 1018 245 mecum,
1057 195 1181 232 mea
1217 179 1368 247 tibia,
1405 196 1611 234 versus.

183 293 188 298 -
223 257 276 310 N
278 274 384 310 unc
419 260 478 310 et
514 256 629 309 ovis
665 255 814 308 ultro
849 256 1024 322 fugiat
1059 256 1237 322 Ιιιριιε,
1274 272 1441 308 aurea
1476 256 1649 311 durae

223 332 372 385 Mala
406 333 588 386 ferant
624 349 870 400 quercus,
909 332 1152 385 narcisso
1188 333 1381 385 floreat
1416 333 1587 402 alnus,

224 408 453 478 Pinguia
489 409 783 463 corticibus
819 409 1021 462 sudent
1057 409 1267 462 electra
1302 410 1552 477 myricae,

224 487 454 542 Certent
489 489 547 540 et
571 489 761 554 ⁴cycnis
796 485 994 552 ululae,
1035 486 1107 539 sit
1145 485 1363 554 Tityrus
1400 485 1669 554 Orpheus,
1890 503 1945 544 δε

224 563 476 632 Orpheus
513 563 568 615 in
605 563 768 626 silvis,
805 562 950 616 inter
988 562 1273 630 delphinas
1312 563 1501 628 Arion,

224 641 432 709 (Incipe
474 638 775 693 Maenalios
811 655 1040 706 mecum,
1075 655 1200 691 mea
1236 638 1385 706 tibia,
1422 639 1628 704 versus)

224 717 419 769 Omnia
454 714 539 767 vel
575 714 818 767 medium
854 715 989 768 fiant
1023 731 1189 769 mare.
1263 715 1463 782 Vivite,
1502 714 1701 769 silvae:

225 793 492 860 Praeceps
529 791 662 844 aerii
701 791 918 860 specula
955 791 1026 844 de
1061 791 1265 844 montis
1299 790 1355 843 in
1391 791 1565 844 undas

165 883 170 888 ·
223 869 452 922 Deferar
479 888 491 932 ;
527 872 835 922 extremum
872 865 974 920 hoc
1007 882 1203 920 munus
1237 867 1518 926 morientis
1552 867 1768 923 habeto,
1885 883 1940 922 co

223 945 424 998 Desine
462 944 777 1011 Maenalios,
815 945 922 996 iam
959 943 1167 1011 desine,
1203 943 1354 1012 tibia,
1390 959 1593 998 versus.

291 1022 448 1075 Haec
484 1021 732 1084 Damon,
720 1040 731 1051 ·
768 1036 878 1088 vos,
914 1037 1054 1089 quae
1092 1019 1439 1089 responderit
1476 1019 1899 1089 Alphesiboea&

222 1097 418 1167 Dicite,
456 1096 744 1162 Pierides3
778 1113 884 1149 non
923 1097 1101 1149 omnia
1135 1113 1423 1184 possumus
1458 1113 1658 1150 omnes.

287 1175 359 1228 A.
398 1173 546 1230 Effer
580 1190 794 1242 aquam,
831 1175 890 1226 et
925 1172 1074 1226 molli
1111 1173 1267 1241 cinge
1303 1173 1435 1226 haec
1470 1173 1665 1226 altaria.
1700 1173 1857 1242 vitta,

222 1250 615 1320 Verbenasque
651 1249 808 1302 adole
844 1249 1060 1318 pinguis
1100 1253 1157 1302 et
1194 1249 1432 1302 mascula
1468 1251 1626 1304 tura:
1882 1267 1935 1304 65

223 1328 478 1396 Coniugis
513 1330 578 1381 ut
612 1326 836 1394 magicis
873 1342 1031 1379 sanos
1067 1329 1320 1380 avertere
1358 1325 1524 1379 sacris

222 1404 489 1474 Experiar
523 1420 747 1458 sensus·
736 1444 748 1467 ,
784 1401 916 1455 nihil
953 1401 1040 1455 hic
1075 1401 1179 1455 nisi
1218 1402 1458 1455 carmina
1493 1403 1708 1458 desunt.

221 1480 420 1534 Ducite
445 1479 516 1534 ab
541 1480 678 1533 urbe
703 1478 940 1544 domum,
964 1495 1087 1532 mea
1110 1478 1364 1545 carmina,
1390 1478 1577 1532 ducite
1601 1479 1893 1548 Daphnim.

223 1556 476 1611 Carmina
509 1557 595 1611 vel
632 1555 780 1610 caelo
815 1559 1044 1623 possunt
1083 1553 1357 1608 deducere
1396 1555 1637 1620 Lunam;

223 1633 566 1688 Carminibus
605 1633 760 1686 Circe
797 1632 968 1684 socios
1005 1631 1240 1684 mutavit
1277 1630 1457 1697 Ulixi3
1880 1647 1934 1688 70

224 1709 482 1778 Frigidus
515 1712 571 1762 in
606 1710 778 1777 pratis
814 1708 1085 1762 cantando
1124 1709 1398 1777 rumpitur
1434 1710 1639 1777 anguis,

227 1786 422 1840 Ducite
446 1785 514 1839 ab
538 1784 676 1838 urbe
701 1785 935 1852 domum,
959 1801 1083 1837 mea
1108 1784 1362 1851 carmina,
1388 1784 1573 1838 ducite
1598 1784 1891 1854 Daphnim.

223 1863 399 1919 'Perna
434 1861 536 1917 tibi
573 1862 705 1915 haec
740 1862 976 1930 primum
1014 1861 1219 1930 triplici
1257 1861 1473 1915 diversa
1508 1861 1687 1915 colore

223 1939 374 1993 Licia
408 1938 699 2005 circume,
735 1941 930 2009 terque
966 1938 1101 1991 haec
1137 1937 1331 1991 altaria
1366 1937 1568 1991 circum

223 2017 471 2083 Effigiem
508 2014 681 2078 du003
716 2030 941 2067 numero
981 2014 1117 2067 deus
1153 2014 1343 2082 inpare
1379 2013 1601 2081 gaudet.
1880 2028 1932 2069 75

221 2095 444 2165 [Ducite
469 2090 537 2144 ab
561 2090 698 2143 urbe
723 2089 960 2157 domum,
985 2107 1110 2144 mea
1134 2090 1387 2156 carmina,
1405 2089 1589 2143 ducite
1613 2088 1934 2161 Daphnim.]

223 2172 396 2225 Necte
430 2167 607 2221 tribus
641 2166 797 2219 nodis
835 2170 1036 2234 ternos,
1075 2165 1356 2235 Amarylli‚
1394 2166 1635 2232 colorem

225 2248 412 2314 Necte,
427 2296 438 2305 ,
452 2243 729 2311 Amarylli,
766 2242 942 2310 modo,
981 2247 1053 2311 et,
1094 2242 1344 2311 Veneris,
1377 2242 1481 2311 dic,
1509 2243 1720 2298 vincula
1753 2250 1935 2303 necte.

224 2322 420 2377 Ducite
443 2321 512 2374 ab
535 2319 672 2372 urbe
696 2318 935 2388 domum,
961 2336 1085 2373 mea
1108 2321 1361 2388 carmina,
1391 2319 1576 2373 ducite
1612 2320 1909 2390 Daphnim.

223 2400 407 2453 Limus
444 2403 506 2450 ut
541 2396 627 2448 hic
664 2394 906 2448 durescit
945 2398 1004 2449 et
1039 2396 1176 2450 haec
1213 2399 1277 2450 ut
1315 2414 1439 2451 cera
1475 2396 1725 2466 liquescit
1826 2437 1833 2446 .
1882 2415 1934 2453 so

223 2476 346 2529 Uno
381 2473 684 2540 eodemque
717 2471 846 2538 igni,
885 2473 960 2526 sic
996 2477 1185 2526 nostro
1226 2473 1471 2542 Daphnis
1508 2490 1703 2527 amore.

224 2553 432 2621 Sparge
462 2548 676 2615 molam,
713 2552 772 2601 et
804 2547 1012 2615 fragilis
1052 2550 1283 2604 incende
1321 2548 1589 2603 bitumine
1625 2550 1823 2604 laurus.

225 2628 468 2695 Daphnis
493 2642 581 2679 me
604 2625 778 2679 malus
801 2624 929 2691 urit,
957 2644 1074 2694 ego
1081 2625 1222 2679 hanc
1244 2626 1303 2680 in
1331 2626 1623 2695 Daphnide
1646 2626 1873 2683 laurum.

225 2703 420 2757 Ducite
444 2703 514 2755 ab
540 2704 678 2757 urbe
703 2703 938 2771 domum,
963 2722 1087 2759 mea
1112 2704 1367 2773 carmina,
1397 2703 1581 2759 ducite
1606 2706 1898 2774 Daphnim.

225 2778 369 2831 Talis
403 2794 554 2830 amor
591 2778 878 2848 Daphnim,
919 2781 1097 2851 qualis
1136 2796 1258 2834 cum
1296 2782 1440 2837 fessa
1474 2784 1755 2838 iuvencum
1884 2800 1936 2839 85

227 2850 334 2905 Per
367 2868 591 2905 nemora
625 2858 792 2942 atque
827 2858 965 2911 altos
1005 2862 1319 2929 quaerendo
1357 2862 1555 2917 bucula
1586 2862 1736 2915 lucos

227 2926 462 2993 Propter
496 2943 671 2995 aquae
705 2931 880 2986 rivum
918 2935 1081 2988 viridi
1118 2938 1433 3005 procumbit
1470 2939 1526 2991 in
1560 2938 1701 3006 ulva,

229 3000 468 3067 Perdita,
505 3018 606 3055 nee
641 3019 794 3058 serae
829 3010 1079 3066 meminit
1114 3012 1383 3066 decedere
1422 3015 1588 3083 nocti,

226 3074 372 3127 Talis
406 3091 560 3128 amor
595 3080 796 3149 teneat,
831 3100 932 3137 nec
967 3085 1042 3139 sit
1075 3087 1210 3141 mihi
1244 3105 1376 3142 cura
1413 3090 1637 3144 mederi.
1776 3082 1781 3085 ¹
1884 3106 1937 3146 ω

232 3147 427 3204 Ducite
449 3149 518 3201 ab
541 3151 678 3203 urbe
703 3154 939 3225 domum,
963 3174 1087 3215 mea
1110 3165 1363 3219 carmina
1374 3166 1577 3221 'ducite
1602 3168 1897 3236 Daphnim.
