2163 3401
16 3259 75 3363 Χ

154 104 217 149 62
576 171 583 177 ·
627 108 685 156 P.
724 106 1035 155 VERGILI
1071 108 1409 156 MARONJS

149 183 533 258 Continuoque
567 205 766 258 greges
802 188 943 242 villis
978 188 1104 256 lege
1139 189 1394 243 mollibus
1428 190 1594 245 albos.

148 258 314 315 Illum
352 270 552 333 autem,
590 266 841 335 quamvis
876 265 1021 319 aries
1058 266 1135 319 sit
1169 266 1438 320 candidus
1473 267 1608 339 ipsc,

146 337 323 406 Nigra
358 342 551 396 subest
586 343 696 396 udo
732 346 951 395 tantum
986 342 1075 394 cui
1112 342 1298 410 lingua
1332 344 1533 412 palat0,

148 414 348 485 Reiice,
384 435 453 471 ne
490 419 717 473 maculis
754 418 991 472 infuscet
1028 419 1235 471 vellera
1271 419 1434 487 pullis

148 490 499 563 Nascentum,
536 496 806 563 plenoque
844 495 1011 547 alium
1047 494 1406 563 circumspice
1443 512 1652 565 campo.
1795 513 1866 553 390

146 567 377 624 Munere
413 570 488 623 sic
523 574 679 625 niveo
718 572 885 636 lanae,
924 571 968 623 si
1002 569 1232 623 credere
1271 570 1498 637 dignum
1537 576 1638 641 est,

147 644 262 697 Pan
298 645 436 699 deus
476 648 750 701 Arcadiae
788 651 1006 715 captam
1042 649 1118 713 tc,
1159 646 1331 715 Luna,
1367 648 1580 716 fefellit,

152 721 212 773 ln
247 738 471 776 nemora
506 724 619 777 alta
655 741 885 789 vocans3
920 740 1020 777 nec
1054 726 1122 776 tu
1157 726 1452 791 aspernata
1486 728 1789 780 vocantem.

214 802 294 851 At
330 799 418 851 cui
452 800 607 853 lactis
645 818 809 867 amor,
844 800 1075 869 cytisum
1113 800 1366 869 lotosque
1401 802 1708 870 frequentis

146 872 273 940 Ipse
309 891 473 928 manu
510 876 791 947 salsasque
827 877 971 930 ferat
1006 875 1366 945 praesepibus
1401 876 1614 931 herbas.
1789 894 1862 933 395

146 948 290 1003 Hinc
324 955 381 1005 et
418 957 605 1006 amant
642 952 831 1007 fluvios
869 954 1057 1020 magis,
1090 956 1149 1005 et
1185 953 1360 1021 magis
1395 953 1568 1007 ubera
1591 953 1861 1017 tendunt,

144 1025 217 1078 Et
251 1027 377 1081 salis
414 1029 687 1082 occultum
724 1029 972 1083 referunt
1006 1029 1064 1081 in
1101 1028 1244 1081 lacte
1282 1045 1556 1097 saporem.

142 1100 306 1155 Multi
342 1103 449 1155 iam
484 1109 738 1159 excretos
772 1105 1068 1174 prohibent
1105 1122 1138 1159 a
1174 1105 1444 1158 matribus
1482 1106 1706 1176 haedos,

146 1178 437 1247 Primaque
472 1179 695 1235 ferratis
732 1181 1045 1248 praefigunt
1083 1198 1180 1236 ora
1215 1182 1483 1249 capistris,

144 1254 302 1317 Quod
337 1260 599 1323 surgente
634 1258 727 1311 die
764 1258 1003 1311 mulsere
1039 1258 1300 1327 horisque
1337 1257 1562 1327 diurnis,
1786 1276 1861 1315 400

142 1332 319 1385 Nocte
353 1336 640 1400 premunt3
678 1333 829 1403 quod
866 1334 974 1387 iam
1011 1334 1258 1388 tenebris
1295 1337 1355 1388 et
1391 1334 1504 1388 sole
1547 1336 1795 1403 cadente,

142 1408 255 1461 Sub
292 1410 466 1463 lucem
505 1414 799 1479 exportant
836 1410 1067 1463 calathis
1107 1410 1244 1477 (adit
1281 1410 1484 1479 oppida
1517 1414 1743 1480 pastor),

142 1486 262 1538 Aut
296 1502 459 1554 parco
494 1488 607 1541 sale
644 1486 972 1554 contingunt
1007 1486 1286 1553 hiemique
1323 1492 1608 1555 reponunt.

208 1561 261 1614 N
265 1578 326 1615 ec
362 1562 464 1616 tibi
502 1580 631 1617 cura
668 1580 863 1617 canum
900 1562 1069 1616 fuerit
1106 1567 1400 1629 postrema,
1440 1564 1538 1617 scd
1573 1580 1682 1619 una

142 1636 357 1692 Vclocis
393 1639 624 1708 Spartae
660 1640 868 1693 catulos
904 1654 1198 1708 acremque
1235 1638 1534 1693 Molossum
1786 1658 1860 1696 405

141 1714 311 1768 Pasce
346 1732 469 1769 sero
502 1717 708 1784 pingui.
781 1717 1099 1784 Numquam
1137 1715 1459 1769 custodibus
1493 1717 1600 1769 illis

140 1790 481 1844 Nocturnum
520 1792 751 1845 stabulis
785 1793 962 1846 furem
999 1791 1360 1860 incursusque
1396 1793 1661 1862 luporum,

144 1870 259 1920 Aut
294 1867 570 1935 inpacatos
608 1885 641 1922 a
678 1873 837 1937 tergo
874 1867 1126 1921 horrebis
1167 1868 1424 1922 Hiberos.

140 1943 315 2011 Saepe
350 1944 515 1997 etiam
552 1962 715 1998 cursu
753 1943 977 2011 timidos
1013 1944 1252 2012 agitabis
1289 1961 1534 2012 onagros,

141 2019 214 2072 Et
248 2019 472 2072 canibus
508 2021 768 2089 leporem,
806 2021 1032 2076 canibus
1069 2020 1344 2082 venabere
1379 2020 1653 2088 dammas3
1729 2061 1734 2064 -
1787 2038 1862 2076 410

140 2095 315 2164 Saepe
349 2096 646 2150 volutabris
680 2097 867 2166 pulsos
902 2096 1248 2150 silvestribus
1282 2107 1445 2165 apros

140 2171 369 2224 Latratu
404 2173 655 2226 turbabis
691 2190 874 2241 agens,
913 2173 1227 2241 montisque
1261 2189 1363 2241 per
1397 2173 1538 2226 altos

142 2246 430 2313 Ingentem
468 2250 704 2304 clamore
740 2266 961 2318 premes
999 2249 1073 2302 ad
1109 2249 1251 2302 retia
1287 2265 1519 2302 cervum.

208 2323 372 2376 Disce
406 2329 464 2378 et
500 2326 786 2379 odoratam
825 2326 1056 2379 stabulis
1095 2325 1395 2379 accendere
1430 2324 1669 2392 cedrum,

139 2397 537 2468 Galbaneoque.
563 2401 774 2467 agitare
810 2401 995 2468 gravis
1032 2401 1225 2454 nidore
1263 2400 1558 2466 chelydros.
1785 2417 1860 2455 415

138 2474 312 2543 Saepe
347 2475 447 2529 sub
482 2477 703 2530 inmotis
740 2477 1103 2545 praesepibus
1141 2481 1240 2530 aut
1275 2476 1426 2529 mala·
1453 2480 1608 2531 tactu

143 2551 343 2619 Vipera
380 2552 602 2607 delituit
638 2553 961 2623 caelumque
998 2554 1269 2607 exterrita
1303 2553 1462 2620 fugit,

140 2627 257 2681 Aut
290 2630 439 2683 tecto
474 2630 737 2684 adsuetus
773 2630 998 2684 coluber
1036 2629 1332 2684 succedere
1368 2633 1427 2682 et
1461 2628 1706 2696 umbrae,

140 2701 318 2756 Pestis
350 2705 546 2759 acerba
580 2707 763 2775 boum,
800 2707 1095 2776 pecorique
1133 2705 1468 2774 adspergere
1489 2704 1666 2770 virus,

140 2777 300 2832 Fovit
333 2778 575 2834 humum.
657 2783 807 2850 Cape
844 2799 976 2836 saxa
1012 2799 1190 2846 manu,
1227 2799 1363 2850 cape
1398 2780 1613 2847 robora,
1645 2782 1857 2848 pastor,

138 2851 549 2923 Tollentemque
588 2857 763 2910 minas
801 2863 859 2912 et
896 2858 1056 2912 sibila
1093 2858 1232 2912 colla
1266 2861 1574 2913 tumentem
1783 2871 1854 2908 mx

140 2927 340 2981 Deiice.
414 2930 646 3000 Iamque
674 2933 805 2998 fuga
838 2934 1095 2987 timidum
1131 2937 1299 3002 caput
1333 2932 1551 2987 abdidit
1585 2932 1713 2997 alte,

141 3001 278 3056 Cum
314 3005 481 3058 medii
519 3023 693 3060 nexus
730 3012 1120 3078 extremaeque
1157 3011 1376 3080 agmina
1409 3009 1618 3064 caudae

141 3077 449 3148 Solvuntur,
483 3081 784 3150 tardosque
818 3085 991 3138 trahit
1026 3086 1178 3140 sinus
1213 3087 1438 3140 ultimus
1475 3085 1638 3138 orbis.

141 3150 243 3206 Est
279 3155 447 3208 etiam
481 3156 573 3210 ille
608 3157 785 3211 malus
823 3157 1073 3214 Calabris
1107 3161 1167 3215 in
1201 3161 1432 3217 saltibus
1467 3161 1675 3229 anguis,
1785 3175 1862 3213 42²:-
