2163 3401
261 95 322 140 94
728 90 785 136 l’.
828 90 1133 137 VERGILI
1167 88 1495 138 MARONIS

260 173 312 225 N
315 189 378 225 ec
411 170 600 239 procul
635 169 760 223 hinc
799 169 966 223 Rhesi
1005 171 1179 223 niveis
1214 170 1452 224 tentoria
1488 171 1622 225 velis

261 247 569 316 Adgnoscit
604 246 904 312 lacrimans,
941 247 1119 315 primo
1158 263 1298 313 quae
1334 247 1557 315 prodit-a
1592 263 1794 304 somno
1926 265 1995 306 4⁷⁶

260 325 496 394 Tydides
530 323 704 376 multa
741 323 994 377 vastabat
1031 323 1201 376 caede
1238 331 1510 391 cruentus,

262 403 635 468 Ardentisque
671 402 871 455 avertit
907 417 1075 468 equos
1112 401 1167 452 in
1205 405 1400 468 oestra,
1436 403 1589 469 prius
1626 419 1807 469 quam

261 478 470 532 Pabula
503 482 819 545 gustassent
857 477 1049 530 Troiae
1089 477 1483 546 Xanthumque
1518 477 1814 532 bibissent.

263 555 429 608 Parte
465 555 570 608 alia
605 555 819 621 fugiens
857 555 1069 608 amissis
1108 553 1320 607 Troilus
1357 553 1537 620 armis,

264 631 460 684 Infelix
496 647 634 699 puer
669 636 838 698 atque
873 632 1032 700 inpar
1066 647 1392 699 congressus
1430 629 1648 695 Achilli,
1918 647 1989 687 475

264 708 464 760 Fertur
500 709 670 776 equis,
707 724 981 774 curruque
1015 707 1210 760 haeret
1246 707 1534 774 resupinus
1568 705 1734 770 inani,

263 784 405 837 Lora
455 787 648 837 tenens
700 788 916 847 tamen3
967 782 1093 835 huic
1146 783 1438 851 cervixque
1498 797 1811 850 comaeque
1876 791 1981 839 tra-

398 859 605 912 huntur

263 935 372 988 Per
405 940 626 1002 terram,
662 937 720 987 et
755 951 913 987 versa
947 933 1127 1001 pulvis
1162 933 1481 988 inscribitur
1514 934 1715 988 hasta·

264 1011 488 1065 Interea
521 1011 594 1064 ad
629 1009 893 1078 templum
929 1026 1034 1061 non
1072 1025 1281 1076 aequae
1320 1009 1557 1062 Palladis
1591 1009 1751 1064 ibant

263 1087 514 1140 Crinibus
554 1086 755 1139 Iliades
790 1085 964 1153 passis
999 1084 1334 1153 peplumque
1371 1085 1632 1152 ferebant,
1916 1103 1983 1142 480

263 1163 589 1231 Suppliciter
625 1162 813 1215 tristes
850 1165 908 1215 et
944 1164 1139 1214 tunsae
1175 1165 1402 1230 pectora
1435 1161 1662 1229 palmis3

264 1240 402 1293 Diva
437 1239 549 1292 solo
585 1239 723 1292 fixos
759 1238 942 1291 oculos
978 1254 1169 1290 aversa
1204 1237 1446 1292 tenebat.

263 1316 367 1369 Ter
403 1317 602 1369 circum
640 1315 835 1368 Iliacos
871 1318 1186 1382 raptaverat
1224 1315 1468 1368 Hectora
1501 1331 1700 1379 muros,

262 1392 696 1460 Exanimumque
733 1407 865 1444 auro
901 1407 1098 1458 corpus
1133 1389 1407 1444 vendebat
1444 1389 1687 1444 Achilles

213 1502 220 1519 .
263 1470 398 1523 Tum
435 1487 562 1523 vero
596 1469 873 1536 ingentem
905 1468 1171 1534 gemitum
1209 1466 1307 1519 dat
1340 1470 1563 1536 pectore
1600 1466 1670 1519 ab
1708 1485 1848 1530 1m0,
1908 1485 1979 1524 435

207 1534 218 1605 Ξ
262 1546 344 1600 Ut
379 1546 560 1614 spolia,
598 1549 661 1598 ut
698 1559 901 1609 currus,
939 1547 1110 1610 utque
1146 1543 1324 1611 ipsum
1362 1559 1555 1610 corpus
1591 1544 1768 1609 amici,

201 1610 212 1645 ”
264 1623 711 1690 Tendentemque
747 1636 939 1673 manus
979 1619 1254 1671 Priamum
1291 1619 1572 1686 conspexit
1606 1619 1860 1676 inermis,

184 1715 190 1724 ·
264 1698 335 1753 Se
371 1716 588 1767 quoque
624 1695 954 1767 principibus
991 1695 1325 1764 permixtum
1361 1694 1621 1763 adgnovit
1656 1696 1917 1768 Achivis,

164 1793 172 1803 ·
264 1776 513 1844 ansque
549 1775 691 1829 acies
727 1778 785 1827 et
820 1772 961 1840 nigri
998 1771 1306 1825 Memnonis
1340 1788 1505 1825 arma.

263 1851 431 1905 Ducit
470 1850 868 1905 Amazonidum
904 1849 1107 1902 lunatis
1143 1848 1360 1915 agmina
1392 1848 1557 1917 peltis
1906 1868 1981 1907 ιω

264 1926 610 1981 Penthesilea
643 1926 847 1993 furens,
882 1925 1188 1992 mediisque
1224 1924 1280 1976 in
1316 1924 1536 1977 milibus
1570 1924 1747 1992 ardet,

263 2004 452 2056 Aurea
488 2002 814 2056 subnectens
851 2005 1102 2055 exsertae
1137 2000 1353 2068 cingula
1388 2016 1667 2066 mammae,

264 2078 544 2144 Bellatrix,
583 2078 860 2147 audetque
896 2078 1023 2130 viris
1058 2092 1381 2130 concurrere
1417 2078 1584 2143 virgo,

335 2155 487 2208 Haec
525 2155 654 2207 dum
693 2153 970 2207 Dardanio
1009 2155 1233 2206 Aeneae
1268 2152 1518 2206 miranda
1553 2152 1832 2219 videntur,

263 2230 408 2284 Dum
446 2234 647 2299 stupet,
685 2229 990 2297 obtutuque
1025 2230 1218 2282 haeret
1254 2228 1465 2282 defixus
1500 2229 1555 2281 in
1590 2246 1713 2297 uno,
1905 2248 1983 2287 495

265 2307 476 2375 Regina
510 2306 582 2360 ad
619 2306 899 2374 templum,
936 2307 1113 2359 forma
1148 2305 1512 2374 pulcherrima
1548 2304 1707 2372 Dido,

264 2383 511 2449 Incessit,
549 2398 748 2449 magna
783 2382 1038 2435 iuvenum
1075 2382 1316 2450 stipante
1352 2386 1583 2435 caterva.

263 2459 449 2524 Qualis
483 2459 540 2511 in
579 2458 817 2511 Eurotae
852 2458 986 2526 ripis
1022 2463 1119 2512 aut
1153 2475 1254 2527 per
1288 2459 1417 2526 iuga
1452 2456 1655 2525 Cynthi

263 2536 499 2590 Exercet
536 2534 712 2588 Diana
745 2534 951 2589 choros.
989 2552 1154 2603 quam
1190 2535 1338 2587 mille
1376 2536 1595 2587 secutae
1905 2552 1985 2593 ιω

263 2612 408 2665 Hinc
444 2616 612 2681 atque
635 2611 761 2664 hinc
784 2611 1159 2679 glomerantur
1186 2610 1459 2674 Oreades;
1482 2609 1575 2662 illa
1597 2609 1925 2677 pharetram

263 2687 400 2739 Fert
434 2687 675 2752 humere,
711 2686 1079 2755 gradiensque
1117 2685 1249 2739 deas
1286 2686 1655 2754 supereminet
1689 2688 1903 2743 omnis:

263 2760 506 2812 Latonae
541 2761 768 2812 tacitum
805 2765 1183 2829 pertemptant
1216 2760 1419 2829 gaudia
1451 2765 1671 2828 pectus:

263 2832 410 2885 Talis
445 2836 565 2883 erat
601 2834 758 2900 Dido,
794 2836 960 2889 talem
997 2852 1055 2888 se
1091 2835 1238 2889 laeta
1270 2836 1485 2889 ferebat

265 2904 373 2955 Per
407 2904 628 2965 medios,
663 2907 873 2959 instans
909 2910 1061 2977 operi
1097 2911 1388 2977 regnisque
1422 2910 1636 2965 futuris,

264 2976 402 3028 Tum
437 2976 642 3028 foribus
679 2980 851 3045 divae,
887 2985 1068 3037 media
1108 2984 1385 3038 testudine
1422 2984 1626 3051 templi,
1906 3007 1985 3047 ως

264 3050 465 3114 Saepta
499 3050 676 3116 armis,
713 3054 956 3121 solioque
991 3058 1105 3111 alte
1140 3059 1370 3112 subnixa
1404 3060 1626 3113 resedit.

265 3120 398 3173 Iura
433 3120 601 3175 dabat
636 3122 896 3194 legesque
930 3130 1076 3201 viris²
1112 3148 1449 3203 operumque
1483 3134 1731 3192 laborem
