2163 3401
188 90 286 137 294
648 86 705 133 Ρ.
764 84 1057 132 VERGILI
1103 80 1437 131 MARONIS

192 169 274 222 At
306 183 413 220 non
450 166 769 220 Euandrum
803 165 951 234 potis
986 168 1075 219 cst
1109 165 1192 218 vis
1226 164 1340 217 ulla
1371 166 1597 226 tenere3

190 244 303 298 Sed
336 243 487 296 venit
524 243 581 295 in
616 242 839 295 medios.
912 242 1144 295 Fer-etro
1185 241 1433 294 Pallanta.
1465 240 1690 309 reposto

190 319 491 373 Procubuit
512 334 691 387 super,
716 323 885 387 atque
910 318 1102 371 haeret
1125 318 1522 386 lacrimansque
1537 333 1898 386 gemensque,

189 396 265 449 Et
298 396 387 448 via
420 395 513 447 vix
548 394 773 449 tandem
808 394 929 448 voci
963 394 1149 447 laxata
1183 394 1371 447 dolore
1407 396 1522 448 est:
1829 409 1898 446 151

188 472 314 525 Non
350 472 496 534 haec,
530 488 565 524 o
602 470 773 537 Palla,
808 469 1046 524 dederas
1081 471 1351 539 promissa
1384 468 1614 538 parenti,

188 548 417 601 Cautius
452 551 517 601 ut
552 562 715 599 saevo
749 546 918 599 velles
952 549 1011 599 te
1046 547 1276 600 credere
1311 546 1496 603 Marti.

194 624 359 677 Haud
393 624 617 691 ignarus
652 638 819 690 eram,
855 625 1122 690 quantum
1157 637 1300 675 nova
1331 621 1506 689 gloria
1539 620 1596 673 in
1632 624 1800 673 armis

192 702 262 754 Et
294 700 589 769 praedulce
626 698 793 752 decus
828 698 1005 766 primo
1042 699 1341 751 certaniine
1375 702 1576 766 posset.
1819 712 1898 751 15⁵

192 776 472 829 Primitiae
508 775 722 828 iuvenis
756 774 1004 839 miserae,
1040 772 1286 842 bellique
1320 772 1614 841 propinqui

186 851 339 905 Dura
372 850 711 904 rudimenta!
762 854 821 903 et
854 850 989 903 nulli
1026 850 1287 903 exaudita
1320 849 1546 902 deorum

186 926 332 982 Vota
359 942 659 995 precesque
692 930 874 979 meae!
923 930 1112 993 tuque,
1147 942 1182 978 o
1217 925 1554 979 sanctissima
1588 925 1836 993 coniunx,

185 1002 343 1058 Felix
378 1008 557 1057 morte
592 1006 707 1068 tua,
743 1018 921 1071 neque
957 1002 1013 1055 in
1047 1002 1194 1055 hunc
1229 1004 1445 1055 servata
1479 1001 1750 1055 dolorem!

186 1080 394 1133 Contra
428 1096 533 1147 ego
568 1078 801 1132 vivendo
837 1078 941 1131 vici
976 1095 1100 1132 mea
1134 1077 1264 1143 fata,
1299 1082 1578 1145 superstes
1817 1091 1896 1130 ιω

186 1155 475 1209 Restarem
509 1159 575 1208 ut
608 1155 841 1221 genitor.
916 1155 1120 1208 Troum
1157 1154 1302 1208 socia
1335 1170 1490 1207 arma
1523 1157 1772 1207 secutum

183 1231 495 1285 Obruerent
532 1230 723 1283 Rutuli
759 1231 913 1285 telis!
952 1231 1190 1284 animam
1224 1232 1343 1299 ipse
1376 1230 1668 1296 dedissem,

186 1309 375 1376 Atque
399 1306 535 1360 haec
558 1322 757 1375 pompa
781 1307 1005 1361 domum
1028 1302 1134 1375 me,
1158 1324 1268 1361 non
1293 1306 1561 1373 Pallanta,
1585 1307 1854 1361 referret!

183 1383 303 1437 Nec
336 1400 431 1436 vos
467 1383 756 1452 arguerim,
792 1382 1000 1448 Teucri,
1034 1400 1138 1437 nec
1172 1383 1408 1447 foedera,
1443 1399 1544 1437 nec
1580 1399 1718 1451 quas

186 1460 472 1513 Iunximus
507 1460 745 1527 hospitio
780 1460 1035 1526 dextras3
1084 1476 1202 1513 sors
1237 1460 1345 1513 ista
1379 1464 1632 1513 senectae
1819 1475 1898 1515 165

188 1535 389 1590 Debita
424 1538 546 1589 crat
581 1539 814 1589 nostrae.
888 1535 1047 1600 Quod
1085 1535 1132 1588 si
1168 1536 1442 1589 inmatura
1476 1536 1734 1591 manebat

184 1612 337 1666 Mors
370 1615 614 1679 gnatum,
652 1613 825 1665 caesis
865 1612 1190 1666 Volscorum
1227 1612 1446 1665 milibus
1481 1616 1611 1666 ante

184 1689 493 1743 Ducentem
528 1689 585 1741 in
620 1688 842 1742 Latium
878 1688 1117 1743 Teucros
1151 1688 1414 1744 cecidisse
1447 1689 1674 1744 iuvaret.

185 1766 328 1831 Quin
365 1783 469 1834 ego
504 1782 611 1819 non
648 1766 755 1819 alio
791 1766 988 1834 digner
1020 1769 1081 1820 te
1117 1765 1319 1831 funere,
1355 1766 1524 1835 Palla,

185 1843 360 1906 Quam
378 1843 503 1910 pius
528 1844 761 1910 Aeneas,
786 1845 844 1896 et
862 1859 1027 1911 quam
1050 1843 1233 1912 magni
1261 1842 1520 1911 PhrygeS,
1545 1848 1604 1897 et
1627 1859 1792 1912 quam
1815 1858 1898 1899 1⁷0

184 1917 555 1985 Tyrrhenique
590 1917 773 1985 duceS,
812 1919 1151 1988 Tyrrhenum
1187 1919 1463 1973 exercitus
1497 1920 1687 1973 omnis.

184 1993 386 2060 Magna
419 1997 647 2062 tropaea
678 1994 879 2063 ferunt,
914 2011 1053 2064 quos
1089 1995 1190 2048 dat
1223 1999 1322 2048 tua
1356 1995 1589 2050 dextera
1623 1996 1763 2061 let03

184 2070 266 2123 Tu
302 2085 519 2138 quoque
554 2087 698 2124 nunc
734 2075 910 2124 stares
944 2072 1179 2125 inmanis
1214 2073 1457 2125 truncus
1476 2072 1532 2125 in
1568 2074 1751 2140 armis,

187 2148 349 2201 Esset
382 2163 484 2215 par
517 2150 671 2202 aetas
706 2151 765 2201 et
799 2148 948 2202 idem
984 2148 1030 2200 si
1066 2147 1234 2201 robur
1267 2148 1339 2202 ab
1373 2149 1542 2215 annis,

184 2224 378 2277 Turne.
450 2224 561 2278 Sed
593 2223 782 2276 infelix
818 2224 1053 2277 Teucros
1089 2223 1224 2292 quid
1258 2224 1513 2279 demoror
1545 2226 1748 2282 armis?
1820 2244 1887 2289 151

186 2299 391 2353 Vadite
418 2304 485 2353 et
520 2299 654 2352 haec
689 2315 957 2353 memores
991 2300 1109 2368 regi
1145 2300 1403 2355 mandata
1436 2301 1671 2357 referte:

186 2376 346 2440 Quod
381 2377 549 2430 vitam
584 2392 768 2429 moror
802 2376 1047 2444 invisam,
1089 2377 1336 2431 Pallante
1369 2382 1671 2448 perempte,

184 2452 431 2505 Dextera
462 2468 654 2504 caussa
688 2455 784 2506 tua
820 2455 923 2518 est,
959 2452 1200 2506 Turnum
1234 2457 1511 2523 gnatoque
1544 2457 1800 2525 patrique

184 2528 359 2593 Quam
395 2529 599 2584 debere
633 2528 801 2583 vides.
873 2528 1092 2583 Meritis
1125 2533 1283 2584 vacat
1317 2529 1406 2584 hic
1438 2530 1544 2584 tibi
1579 2532 1728 2586 solus

184 2605 569 2673 Fortunaeque
603 2604 768 2658 locus.
840 2605 890 2658 N
896 2622 963 2657 on
998 2606 1148 2659 vitae
1180 2606 1382 2674 gaudia
1417 2624 1652 2675 quaero;

184 2680 301 2733 Nec
335 2681 447 2744 fas3
485 2680 583 2734 sed
617 2685 785 2749 gnato
821 2681 1001 2734 Manis
1036 2682 1282 2750 perferre
1316 2683 1418 2736 sub
1453 2683 1604 2738 imos.

254 2755 473 2806 Aurora
506 2756 717 2808 interea
750 2756 964 2808 miseris
1000 2757 1325 2812 mortalibus
1361 2759 1556 2813 almam

183 2821 473 2878 Extulerat
507 2827 697 2896 lucem,
734 2831 978 2883 referens
1012 2847 1178 2899 opera
1211 2837 1380 2902 atque
1414 2835 1658 2892 labores:

186 2893 305 2945 Iam
340 2901 501 2959 pater
538 2903 769 2970 Aeneas,
805 2905 911 2956 iam
948 2921 1115 2959 curvo
1150 2908 1207 2960 in
1241 2909 1403 2966 litore
1441 2911 1689 2966 Tarchon

185 2965 533 3022 Constituere
567 2991 748 3040 pyras.
820 2979 947 3032 Huc
982 2997 1214 3048 corpora
1249 2985 1484 3054 quisque
1519 3003 1750 3046 suorum
1821 3007 1900 3046 185

186 3035 355 3118 More·
376 3040 552 3126 tulere
585 3053 836 3116 patrum3
879 3054 1252 3125 subiectisque
1286 3061 1507 3128 ignibus
1539 3065 1684 3118 atris

236 3107 454 3161 wndxtur
487 3129 544 3165 111
579 3121 836 3179 tenebras
870 3128 1042 3183 altum
1078 3131 1312 3201 caligine
1346 3138 1570 3194 caelum.
