2163 3401
811 83 1181 134 AENEIDOS
1211 85 1350 134 LIB.
1389 85 1466 133 ΙΙ.
1918 86 2011 134 109

373 168 616 237 Tempus
650 171 785 233 erat,
822 183 932 235 quo
964 166 1145 235 prima
1178 166 1337 235 quies
1370 164 1695 221 mortalibus
1729 165 1913 234 aegris

305 244 510 313 Incipit
545 247 606 297 et
641 242 784 297 dono
819 243 1004 295 divom
1035 242 1353 309 gratissima
1386 243 1571 311 serpit.

311 322 374 373 ln
411 320 632 385 somniS,
670 334 812 386 ecce,
846 322 974 372 ante
1009 318 1193 372 oculos
1228 318 1623 373 maestissimus
1659 320 1874 374 Hector
1940 332 2017 375 270

305 397 475 449 Visus
510 396 706 449 adesse
740 395 891 462 mihi,
925 395 1215 464 largosque
1250 395 1531 449 effundere
1566 395 1743 463 fletus,

306 472 584 541 Raptatus
617 471 776 539 bigis,
810 474 874 525 ut
909 470 1203 539 quondam,
1240 474 1473 540 aterque
1506 476 1735 526 cruento

307 548 560 616 Pulvere,
596 564 806 617 perque
841 547 1012 616 pedes
1047 548 1313 602 traiectus
1348 547 1467 601 lora
1500 547 1779 602 tumentis.

307 625 419 679 Hei
454 625 604 690 mihi,
639 624 814 693 qualis
851 626 1005 678 erat!
1046 627 1316 691 quantum
1350 626 1597 678 mutatus
1632 624 1704 677 ab
1738 623 1833 677 illo

307 702 570 769 Hectore,
607 701 703 770 qui
737 699 883 754 redit
918 700 1143 753 exuvias
1177 698 1404 754 indutus
1443 700 1657 759 Achilli.
1942 712 2016 756 275

307 777 413 831 Vel
451 777 704 831 Danaum
743 776 1007 845 Phrygios
1040 775 1311 829 iaculatus
1343 774 1619 844 puppibus
1653 777 1821 844 ignis!

308 853 668 922 Squalentem
701 852 930 907 barbam
965 855 1032 906 et‘
1059 856 1341 906 concretos
1377 851 1641 920 sanguine
1674 851 1839 905 crinis

307 929 660 999 Vulneraque
692 928 788 982 illa
819 945 1030 997 gerens,
1069 944 1213 996 quae
1248 927 1449 982 circum
1483 928 1721 997 plurima
1754 944 1939 982 muros

308 1005 544 1075 Accepit
577 1006 799 1074 patrios.
869 1005 1034 1059 Ultro
1069 1004 1207 1058 fleus
1242 1004 1359 1073 ipse
1394 1004 1623 1058 videbar

306 1082 652 1152 Compellare
688 1082 868 1135 virum
905 1084 964 1135 et
997 1084 1235 1135 maestas
1272 1098 1593 1150 expromere
1629 1098 1813 1136 voces:
1942 1097 2017 1137 280

307 1159 354 1211 Ο
392 1159 489 1212 lux
526 1157 851 1226 Dardaniae,
890 1174 1014 1227 spes
1049 1174 1083 1211 ο
1119 1157 1385 1212 fidissima
1422 1157 1704 1226 Teucrum,

307 1235 462 1299 Quae
496 1238 689 1289 tantae
720 1238 950 1289 tenuere
985 1235 1210 1288 morae?
1248 1233 1446 1303 quibus
1484 1234 1697 1288 Hector
1730 1235 1801 1289 ab
1834 1234 1947 1289 oris

307 1312 641 1380 Exspectate
676 1311 862 1365 venis?
898 1314 964 1364 ut
999 1314 1057 1364 te
1092 1314 1217 1379 post
1254 1311 1427 1364 multa
1461 1313 1680 1365 tuorum

307 1388 541 1451 Funera,
574 1390 701 1456 post
737 1387 914 1441 varios
948 1387 1339 1454 hominumque
1373 1385 1637 1454 urbisque
1672 1386 1887 1441 labores

307 1464 524 1519 Defessi
559 1464 878 1532 aspicimus!
918 1480 1061 1532 quae
1096 1479 1289 1516 caussa
1322 1462 1549 1529 indigna
1584 1478 1803 1517 serenos
1941 1477 2018 1516 28⁵

308 1540 577 1594 Foedavit
611 1540 824 1594 voltus‘l
859 1543 958 1593 aut
991 1556 1090 1592 cur
1124 1538 1259 1592 haec
1293 1538 1515 1592 volnera
1551 1541 1749 1593 cernei

308 1617 414 1671 Ille
448 1616 598 1684 nihil,
631 1633 732 1670 nec
765 1633 856 1670 me
893 1618 1249 1684 quaerentem
1287 1630 1427 1667 vana
1460 1617 1719 1682 moratur,

306 1692 421 1748 Sed
455 1692 698 1762 graviter
731 1692 973 1761 gemitus
1009 1692 1119 1746 imo
1155 1690 1227 1745 de
1260 1692 1487 1762 pectore
1521 1690 1740 1761 ducens,

307 1770 440 1824 Heu
474 1770 618 1838 fuge,
653 1773 784 1824 nate
821 1769 940 1835 dea,
975 1772 1146 1837 teque
1180 1768 1279 1836 his,
1316 1767 1409 1833 ait,
1444 1768 1594 1837 eripe
1628 1768 1873 1825 flammis.

306 1846 505 1901 Hostis
541 1847 708 1899 habet
743 1862 958 1910 muros;
993 1844 1109 1898 ruit
1142 1843 1255 1898 alto
1290 1861 1325 1897 a
1359 1844 1593 1899 culmine
1629 1846 1803 1901 Troia.
1816 1850 1858 1902 ζ)
1943 1859 2020 1900 mo

307 1924 406 1977 Sat
440 1923 652 1991 patriae
692 1922 1022 1990 Priamoque
1057 1919 1277 1975 datum:
1315 1920 1361 1972 si
1400 1919 1667 1987 Pergama
1702 1921 1901 1976 dextra

307 1998 546 2052 Defendi
580 2001 821 2066 possent,
859 1996 1026 2050 etiam
1062 1995 1185 2060 hac,
1201 1996 1427 2050 defensa
1460 1996 1716 2052 fuissent:

307 2076 476 2129 Sacra
511 2091 744 2143 suosque
780 2073 885 2128 tibi
923 2073 1269 2127 commendat
1304 2073 1463 2127 Troia
1500 2073 1749 2129 Penatis:

311 2152 430 2204 Hos
467 2167 598 2220 cape
633 2152 871 2204 fatorum
906 2149 1149 2216 comiteS,
1186 2149 1270 2202 his
1305 2150 1518 2204 moenia
1554 2167 1753 2218 quaere

309 2227 527 2295 Magna,
563 2230 848 2296 pererrato
885 2229 1099 2279 statues
1136 2243 1277 2294 quae
1314 2226 1556 2294 denique
1590 2231 1770 2294 ponte.
1945 2243 2019 2284 296

308 2303 398 2357 Sic
433 2303 527 2370 ait,
565 2305 624 2356 et
659 2302 909 2356 manibus
944 2301 1113 2356 vittas
1151 2302 1491 2371 Vestamque
1526 2306 1810 2371 potentem

309 2381 733 2449 Aeternumque
767 2378 948 2448 adytis
983 2378 1143 2432 effert
1178 2379 1553 2448 penetralibus
1588 2379 1782 2448 ignem.

381 2455 612 2510 Diverso
648 2456 862 2509 interea
896 2455 1196 2510 miscentur
1231 2457 1447 2510 moenia
1481 2455 1647 2522 luctu,

308 2533 384 2586 Et
419 2532 596 2600 magis
627 2535 797 2600 atque
831 2532 1018 2600 magis,
1057 2548 1387 2601 quamquam
1424 2535 1637 2586 secreta
1671 2534 1913 2600 parentis

309 2608 585 2663 Anchisae
619 2608 814 2662 domus
849 2606 1247 2676 arboribusque
1282 2607 1503 2662 obtecta
1538 2608 1775 2674 recessit,
1946 2623 2018 2663 ³0⁰

309 2683 636 2739 Clarescunt
671 2684 896 2752 sonitus,
933 2701 1321 2753 armorumque
1356 2684 1563 2751 ingruit
1596 2683 1802 2738 horror.

309 2760 576 2815 Excutior
610 2777 808 2825 somne,
845 2764 905 2814 et
939 2760 1138 2815 summi
1170 2760 1389 2828 fastigia
1424 2759 1561 2824 tecti

313 2839 562 2891 Ascensu
597 2852 810 2905 supere,
845 2840 1014 2905 atque
1049 2836 1280 2890 arrectis
1316 2835 1535 2890 auribus
1570 2839 1756 2892 adsto:

310 2913 378 2968 In
417 2916 663 2981 segetem
700 2911 870 2966 veluti
904 2929 1028 2965 cum
1064 2911 1283 2965 flamma
1316 2912 1623 2967 furentibus
1659 2913 1860 2967 austris

309 2988 536 3056 Incidit,
573 2992 669 3041 aut
703 2987 928 3056 rapidus
962 2991 1222 3040 montano
1258 2986 1479 3040 flumine
1514 2992 1729 3041 torrens
1943 2996 2019 3036 sos

306 3064 522 3119 Sternit
558 3079 734 3132 agros,
771 3062 970 3115 sternit
1005 3065 1127 3114 sata
1161 3061 1308 3114 laeta
1344 3061 1617 3128 boumque
1652 3061 1880 3126 labores,

308 3140 748 3211 Praecipitisque
781 3136 957 3192 trahit
991 3135 1169 3203 silvas,
1206 3137 1395 3204 stupet
1429 3135 1630 3188 inscius
1665 3133 1777 3187 alto
