<?xml version="1.0" encoding="UTF-8"?>
<!DOCTYPE html PUBLIC "-//W3C//DTD XHTML 1.0 Transitional//EN"
    "http://www.w3.org/TR/xhtml1/DTD/xhtml1-transitional.dtd">
<html xmlns="http://www.w3.org/1999/xhtml" xml:lang="en" lang="en">
 <head>
  <title>
</title>
<meta http-equiv="Content-Type" content="text/html;charset=utf-8" />
  <meta name='ocr-system' content='tesseract 3.04.00' />
  <meta name='ocr-capabilities' content='ocr_page ocr_carea ocr_par ocr_line ocrx_word'/>
</head>
<body>
  <div class='ocr_page' id='page_1' title='image "./operaexrecensio04virggoog/operaexrecensio04virggoog_0043.png"; bbox 0 0 2163 3401; ppageno 0'>
   <div class='ocr_carea' id='block_1_1' title="bbox 829 94 2022 145">
    <p class='ocr_par' dir='ltr' id='par_1_1' title="bbox 829 94 2022 145">
     <span class='ocr_line' id='line_1_1' title="bbox 829 94 2022 145; baseline 0 -1"><span class='ocrx_word' id='word_1_1' title='bbox 829 94 1243 145; x_wconf 82' lang='lat' dir='ltr'>GEORGICON</span> <span class='ocrx_word' id='word_1_2' title='bbox 1278 94 1416 145; x_wconf 91' lang='lat' dir='ltr'><strong>LIB.</strong></span> <span class='ocrx_word' id='word_1_3' title='bbox 1456 94 1499 145; x_wconf 91' lang='lat'>1.</span> <span class='ocrx_word' id='word_1_4' title='bbox 1961 100 2022 144; x_wconf 78' lang='lat'>29</span> 
     </span>
    </p>
   </div>
   <div class='ocr_carea' id='block_1_2' title="bbox 297 173 2024 3215">
    <p class='ocr_par' dir='ltr' id='par_1_2' title="bbox 320 173 1775 244">
     <span class='ocr_line' id='line_1_2' title="bbox 320 173 1775 244; baseline 0.001 -16"><span class='ocrx_word' id='word_1_5' title='bbox 320 173 380 228; x_wconf 82' lang='lat' dir='ltr'>si</span> <span class='ocrx_word' id='word_1_6' title='bbox 417 176 678 244; x_wconf 84' lang='lat' dir='ltr'>superant</span> <span class='ocrx_word' id='word_1_7' title='bbox 713 174 875 243; x_wconf 84' lang='lat' dir='ltr'>fetus,</span> <span class='ocrx_word' id='word_1_8' title='bbox 910 176 1122 244; x_wconf 86' lang='lat' dir='ltr'>pariter</span> <span class='ocrx_word' id='word_1_9' title='bbox 1154 176 1429 229; x_wconf 83' lang='lat' dir='ltr'>frumenta</span> <span class='ocrx_word' id='word_1_10' title='bbox 1462 180 1775 244; x_wconf 87' lang='lat' dir='ltr'>sequentur,</span> 
     </span>
    </p>

    <p class='ocr_par' dir='ltr' id='par_1_3' title="bbox 319 249 2023 320">
     <span class='ocr_line' id='line_1_3' title="bbox 319 249 2023 320; baseline 0.004 -18"><span class='ocrx_word' id='word_1_11' title='bbox 319 249 630 319; x_wconf 79' lang='lat' dir='ltr'>Magnaque</span> <span class='ocrx_word' id='word_1_12' title='bbox 664 267 787 304; x_wconf 88' lang='lat' dir='ltr'>cum</span> <span class='ocrx_word' id='word_1_13' title='bbox 823 258 1022 319; x_wconf 86' lang='lat' dir='ltr'>magno</span> <span class='ocrx_word' id='word_1_14' title='bbox 1058 253 1240 306; x_wconf 86' lang='lat' dir='ltr'>veniet</span> <span class='ocrx_word' id='word_1_15' title='bbox 1274 251 1474 306; x_wconf 84' lang='lat' dir='ltr'>tritura</span> <span class='ocrx_word' id='word_1_16' title='bbox 1506 253 1714 320; x_wconf 78' lang='lat' dir='ltr'>calore3</span> <span class='ocrx_word' id='word_1_17' title='bbox 1950 269 2023 308; x_wconf 76' lang='grc' dir='ltr'>ιω</span> 
     </span>
    </p>

    <p class='ocr_par' dir='ltr' id='par_1_4' title="bbox 320 326 1565 398">
     <span class='ocr_line' id='line_1_4' title="bbox 320 326 1565 398; baseline 0.002 -20"><span class='ocrx_word' id='word_1_18' title='bbox 320 327 403 379; x_wconf 90' lang='lat' dir='ltr'>At</span> <span class='ocrx_word' id='word_1_19' title='bbox 439 327 484 379; x_wconf 85' lang='lat' dir='ltr'>si</span> <span class='ocrx_word' id='word_1_20' title='bbox 519 326 734 380; x_wconf 84' lang='lat' dir='ltr'>luxuria</span> <span class='ocrx_word' id='word_1_21' title='bbox 768 327 1018 380; x_wconf 89' lang='lat' dir='ltr'>foliorum</span> <span class='ocrx_word' id='word_1_22' title='bbox 1055 328 1323 382; x_wconf 82' lang='lat' dir='ltr'>exuberat</span> <span class='ocrx_word' id='word_1_23' title='bbox 1356 328 1565 398; x_wconf 83' lang='lat' dir='ltr'>umbra,</span> 
     </span>
    </p>

    <p class='ocr_par' dir='ltr' id='par_1_5' title="bbox 316 400 1714 472">
     <span class='ocr_line' id='line_1_5' title="bbox 316 400 1714 472; baseline 0.006 -19"><span class='ocrx_word' id='word_1_24' title='bbox 316 400 660 471; x_wconf 80' lang='lat' dir='ltr'><strong>Nequiquam</strong></span> <span class='ocrx_word' id='word_1_25' title='bbox 697 403 915 471; x_wconf 83' lang='lat' dir='ltr'>pinguis</span> <span class='ocrx_word' id='word_1_26' title='bbox 950 403 1110 472; x_wconf 86' lang='lat' dir='ltr'>palea</span> <span class='ocrx_word' id='word_1_27' title='bbox 1145 408 1293 458; x_wconf 89' lang='lat' dir='ltr'>teret</span> <span class='ocrx_word' id='word_1_28' title='bbox 1329 421 1459 458; x_wconf 88' lang='lat' dir='ltr'>area</span> <span class='ocrx_word' id='word_1_29' title='bbox 1492 407 1714 462; x_wconf 59' lang='lat' dir='ltr'>culmos</span> 
     </span>
    </p>

    <p class='ocr_par' dir='ltr' id='par_1_6' title="bbox 317 477 1793 547">
     <span class='ocr_line' id='line_1_6' title="bbox 317 477 1793 547; baseline 0.005 -17"><span class='ocrx_word' id='word_1_30' title='bbox 317 477 534 532; x_wconf 83' lang='lat' dir='ltr'><strong>Semina</strong></span> <span class='ocrx_word' id='word_1_31' title='bbox 572 477 681 531; x_wconf 88' lang='lat' dir='ltr'>vidi</span> <span class='ocrx_word' id='word_1_32' title='bbox 717 478 974 547; x_wconf 82' lang='lat' dir='ltr'><strong>equidem</strong></span> <span class='ocrx_word' id='word_1_33' title='bbox 1010 479 1213 534; x_wconf 89' lang='lat' dir='ltr'>multos</span> <span class='ocrx_word' id='word_1_34' title='bbox 1249 481 1524 536; x_wconf 83' lang='lat' dir='ltr'>medicare</span> <span class='ocrx_word' id='word_1_35' title='bbox 1558 484 1793 538; x_wconf 82' lang='lat' dir='ltr'>serentis</span> 
     </span>
    </p>

    <p class='ocr_par' dir='ltr' id='par_1_7' title="bbox 315 551 1685 626">
     <span class='ocr_line' id='line_1_7' title="bbox 315 551 1685 626; baseline 0.005 -21"><span class='ocrx_word' id='word_1_36' title='bbox 315 551 389 608; x_wconf 89' lang='lat' dir='ltr'>Et</span> <span class='ocrx_word' id='word_1_37' title='bbox 427 554 572 608; x_wconf 86' lang='lat' dir='ltr'>nitro</span> <span class='ocrx_word' id='word_1_38' title='bbox 606 555 759 622; x_wconf 90' lang='lat' dir='ltr'>prius</span> <span class='ocrx_word' id='word_1_39' title='bbox 794 558 854 608; x_wconf 89' lang='lat' dir='ltr'>et</span> <span class='ocrx_word' id='word_1_40' title='bbox 887 556 1042 623; x_wconf 86' lang='lat' dir='ltr'>nigra</span> <span class='ocrx_word' id='word_1_41' title='bbox 1076 556 1410 624; x_wconf 88' lang='lat' dir='ltr'>perfundere</span> <span class='ocrx_word' id='word_1_42' title='bbox 1445 574 1685 626; x_wconf 82' lang='lat' dir='ltr'>amurga,</span> 
     </span>
    </p>

    <p class='ocr_par' dir='ltr' id='par_1_8' title="bbox 316 629 2024 702">
     <span class='ocr_line' id='line_1_8' title="bbox 316 629 2024 702; baseline 0.004 -18"><span class='ocrx_word' id='word_1_43' title='bbox 316 629 588 684; x_wconf 84' lang='lat' dir='ltr'>Grandior</span> <span class='ocrx_word' id='word_1_44' title='bbox 621 635 684 684; x_wconf 87' lang='lat' dir='ltr'>ut</span> <span class='ocrx_word' id='word_1_45' title='bbox 719 631 864 684; x_wconf 90' lang='lat' dir='ltr'>fetus</span> <span class='ocrx_word' id='word_1_46' title='bbox 899 632 1121 700; x_wconf 53' lang='lat' dir='ltr'>siliquis,</span> <span class='ocrx_word' id='word_1_47' title='bbox 1142 632 1423 688; x_wconf 79' lang='lat' dir='ltr'><strong>fallacibus</strong></span> <span class='ocrx_word' id='word_1_48' title='bbox 1458 638 1620 702; x_wconf 87' lang='lat' dir='ltr'>esset,</span> <span class='ocrx_word' id='word_1_49' title='bbox 1953 651 2024 690; x_wconf 77' lang='lat'>105</span> 
     </span>
    </p>

    <p class='ocr_par' dir='ltr' id='par_1_9' title="bbox 314 705 1751 778">
     <span class='ocr_line' id='line_1_9' title="bbox 314 705 1751 778; baseline 0.006 -20"><span class='ocrx_word' id='word_1_50' title='bbox 314 705 421 778; x_wconf 35' lang='lat' dir='ltr'>Et,-</span> <span class='ocrx_word' id='word_1_51' title='bbox 442 707 686 775; x_wconf 86' lang='lat' dir='ltr'>quamvis</span> <span class='ocrx_word' id='word_1_52' title='bbox 721 707 833 775; x_wconf 86' lang='lat' dir='ltr'>igni</span> <span class='ocrx_word' id='word_1_53' title='bbox 869 709 1081 776; x_wconf 85' lang='lat' dir='ltr'>exigue,</span> <span class='ocrx_word' id='word_1_54' title='bbox 1118 713 1413 778; x_wconf 85' lang='lat' dir='ltr'>properata</span> <span class='ocrx_word' id='word_1_55' title='bbox 1447 710 1751 766; x_wconf 86' lang='lat' dir='ltr'>maderent.</span> 
     </span>
    </p>

    <p class='ocr_par' dir='ltr' id='par_1_10' title="bbox 313 781 1569 854">
     <span class='ocr_line' id='line_1_10' title="bbox 313 781 1569 854; baseline 0.007 -22"><span class='ocrx_word' id='word_1_56' title='bbox 313 781 445 836; x_wconf 90' lang='lat' dir='ltr'>Vidi</span> <span class='ocrx_word' id='word_1_57' title='bbox 479 783 624 836; x_wconf 87' lang='lat' dir='ltr'>lecta</span> <span class='ocrx_word' id='word_1_58' title='bbox 661 782 758 836; x_wconf 87' lang='lat' dir='ltr'>‹liu</span> <span class='ocrx_word' id='word_1_59' title='bbox 791 787 850 838; x_wconf 90' lang='lat' dir='ltr'>et</span> <span class='ocrx_word' id='word_1_60' title='bbox 885 785 1058 838; x_wconf 85' lang='lat' dir='ltr'>multo</span> <span class='ocrx_word' id='word_1_61' title='bbox 1097 789 1347 854; x_wconf 86' lang='lat' dir='ltr'>spectata</span> <span class='ocrx_word' id='word_1_62' title='bbox 1381 786 1569 841; x_wconf 86' lang='lat' dir='ltr'>labore</span> 
     </span>
    </p>

    <p class='ocr_par' dir='ltr' id='par_1_11' title="bbox 314 857 1743 931">
     <span class='ocr_line' id='line_1_11' title="bbox 314 857 1743 931; baseline 0.004 -21"><span class='ocrx_word' id='word_1_63' title='bbox 314 857 666 925; x_wconf 85' lang='lat' dir='ltr'>Degenerare</span> <span class='ocrx_word' id='word_1_64' title='bbox 702 863 902 928; x_wconf 87' lang='lat' dir='ltr'>tamen,</span> <span class='ocrx_word' id='word_1_65' title='bbox 940 862 995 914; x_wconf 89' lang='lat' dir='ltr'>ni</span> <span class='ocrx_word' id='word_1_66' title='bbox 1032 862 1113 914; x_wconf 79' lang='lat' dir='ltr'>vis</span> <span class='ocrx_word' id='word_1_67' title='bbox 1149 861 1385 914; x_wconf 89' lang='lat' dir='ltr'>humana</span> <span class='ocrx_word' id='word_1_68' title='bbox 1420 868 1555 931; x_wconf 89' lang='lat' dir='ltr'>quot</span> <span class='ocrx_word' id='word_1_69' title='bbox 1590 864 1743 916; x_wconf 89' lang='lat' dir='ltr'>annis</span> 
     </span>
    </p>

    <p class='ocr_par' dir='ltr' id='par_1_12' title="bbox 313 933 1868 1005">
     <span class='ocr_line' id='line_1_12' title="bbox 313 933 1868 1005; baseline 0.003 -19"><span class='ocrx_word' id='word_1_70' title='bbox 313 933 575 988; x_wconf 85' lang='lat' dir='ltr'>Maxuma</span> <span class='ocrx_word' id='word_1_71' title='bbox 613 952 860 1005; x_wconf 88' lang='lat' dir='ltr'>quaeque</span> <span class='ocrx_word' id='word_1_72' title='bbox 896 953 1063 990; x_wconf 89' lang='lat' dir='ltr'>manu</span> <span class='ocrx_word' id='word_1_73' title='bbox 1099 936 1328 1004; x_wconf 86' lang='lat' dir='ltr'>legeret.</span> <span class='ocrx_word' id='word_1_74' title='bbox 1404 939 1493 992; x_wconf 87' lang='lat' dir='ltr'>Sic</span> <span class='ocrx_word' id='word_1_75' title='bbox 1528 940 1707 992; x_wconf 89' lang='lat' dir='ltr'>omnia</span> <span class='ocrx_word' id='word_1_76' title='bbox 1739 939 1868 992; x_wconf 87' lang='lat' dir='ltr'>fatis</span> 
     </span>
    </p>

    <p class='ocr_par' dir='ltr' id='par_1_13' title="bbox 312 1011 2023 1082">
     <span class='ocr_line' id='line_1_13' title="bbox 312 1011 2023 1082; baseline 0.001 -18"><span class='ocrx_word' id='word_1_77' title='bbox 312 1011 382 1064; x_wconf 82' lang='lat'>111</span> <span class='ocrx_word' id='word_1_78' title='bbox 417 1011 573 1079; x_wconf 87' lang='lat' dir='ltr'>peius</span> <span class='ocrx_word' id='word_1_79' title='bbox 610 1029 784 1080; x_wconf 89' lang='lat' dir='ltr'>ruere,</span> <span class='ocrx_word' id='word_1_80' title='bbox 822 1029 888 1066; x_wconf 81' lang='lat' dir='ltr'>ac</span> <span class='ocrx_word' id='word_1_81' title='bbox 922 1016 1074 1066; x_wconf 85' lang='lat' dir='ltr'>retro</span> <span class='ocrx_word' id='word_1_82' title='bbox 1111 1012 1365 1082; x_wconf 80' lang='lat' dir='ltr'>sublapsa</span> <span class='ocrx_word' id='word_1_83' title='bbox 1399 1015 1622 1080; x_wconf 81' lang='lat' dir='ltr'>referri3</span> <span class='ocrx_word' id='word_1_84' title='bbox 1948 1029 2023 1066; x_wconf 74' lang='lat' dir='ltr'>sno</span> 
     </span>
    </p>

    <p class='ocr_par' dir='ltr' id='par_1_14' title="bbox 310 1086 1903 1158">
     <span class='ocr_line' id='line_1_14' title="bbox 310 1086 1903 1158; baseline 0.003 -19"><span class='ocrx_word' id='word_1_85' title='bbox 310 1086 360 1140; x_wconf 91' lang='lat' dir='ltr'>N</span> <span class='ocrx_word' id='word_1_86' title='bbox 365 1103 435 1140; x_wconf 90' lang='lat' dir='ltr'>on</span> <span class='ocrx_word' id='word_1_87' title='bbox 471 1088 646 1157; x_wconf 86' lang='lat' dir='ltr'>aliter,</span> <span class='ocrx_word' id='word_1_88' title='bbox 683 1105 845 1158; x_wconf 88' lang='lat' dir='ltr'>quam</span> <span class='ocrx_word' id='word_1_89' title='bbox 881 1090 976 1158; x_wconf 86' lang='lat' dir='ltr'>qui</span> <span class='ocrx_word' id='word_1_90' title='bbox 1010 1088 1243 1144; x_wconf 86' lang='lat' dir='ltr'>adverso</span> <span class='ocrx_word' id='word_1_91' title='bbox 1279 1090 1369 1144; x_wconf 85' lang='lat' dir='ltr'>vix</span> <span class='ocrx_word' id='word_1_92' title='bbox 1405 1090 1625 1144; x_wconf 89' lang='lat' dir='ltr'>flumine</span> <span class='ocrx_word' id='word_1_93' title='bbox 1662 1090 1903 1144; x_wconf 89' lang='lat' dir='ltr'>lembum</span> 
     </span>
    </p>

    <p class='ocr_par' dir='ltr' id='par_1_15' title="bbox 311 1162 1644 1234">
     <span class='ocr_line' id='line_1_15' title="bbox 311 1162 1644 1234; baseline 0.004 -19"><span class='ocrx_word' id='word_1_94' title='bbox 311 1162 573 1231; x_wconf 82' lang='lat' dir='ltr'>Remigiis</span> <span class='ocrx_word' id='word_1_95' title='bbox 614 1165 832 1232; x_wconf 79' lang='lat' dir='ltr'>subigit,</span> <span class='ocrx_word' id='word_1_96' title='bbox 870 1166 916 1218; x_wconf 90' lang='lat' dir='ltr'>si</span> <span class='ocrx_word' id='word_1_97' title='bbox 950 1165 1203 1220; x_wconf 86' lang='lat' dir='ltr'>bracchia</span> <span class='ocrx_word' id='word_1_98' title='bbox 1236 1166 1381 1220; x_wconf 87' lang='lat' dir='ltr'>forte</span> <span class='ocrx_word' id='word_1_99' title='bbox 1418 1168 1644 1234; x_wconf 77' lang='lat' dir='ltr'>remisit,</span> 
     </span>
    </p>

    <p class='ocr_par' dir='ltr' id='par_1_16' title="bbox 314 1241 1878 1373">
     <span class='ocr_line' id='line_1_16' title="bbox 314 1241 1878 1311; baseline 0.003 -19"><span class='ocrx_word' id='word_1_100' title='bbox 314 1241 500 1307; x_wconf 84' lang='lat' dir='ltr'>Atque</span> <span class='ocrx_word' id='word_1_101' title='bbox 533 1241 685 1295; x_wconf 89' lang='lat' dir='ltr'>illum</span> <span class='ocrx_word' id='word_1_102' title='bbox 721 1242 778 1294; x_wconf 90' lang='lat' dir='ltr'>in</span> <span class='ocrx_word' id='word_1_103' title='bbox 811 1259 1074 1311; x_wconf 83' lang='lat' dir='ltr'>praeceps</span> <span class='ocrx_word' id='word_1_104' title='bbox 1111 1259 1283 1311; x_wconf 91' lang='lat' dir='ltr'>prono</span> <span class='ocrx_word' id='word_1_105' title='bbox 1317 1243 1463 1310; x_wconf 86' lang='lat' dir='ltr'>rapit</span> <span class='ocrx_word' id='word_1_106' title='bbox 1499 1242 1684 1296; x_wconf 84' lang='lat' dir='ltr'>alveus</span> <span class='ocrx_word' id='word_1_107' title='bbox 1718 1243 1878 1296; x_wconf 87' lang='lat' dir='ltr'>amni.</span> 
     </span>
     <span class='ocr_line' id='line_1_17' title="bbox 384 1315 1673 1373; baseline 0.005 -7"><span class='ocrx_word' id='word_1_108' title='bbox 384 1315 682 1370; x_wconf 83' lang='lat' dir='ltr'>Praeterea</span> <span class='ocrx_word' id='word_1_109' title='bbox 717 1321 834 1372; x_wconf 88' lang='lat' dir='ltr'>tam</span> <span class='ocrx_word' id='word_1_110' title='bbox 870 1321 998 1371; x_wconf 87' lang='lat' dir='ltr'>sunt</span> <span class='ocrx_word' id='word_1_111' title='bbox 1037 1319 1265 1371; x_wconf 79' lang='lat' dir='ltr'>Arcturi</span> <span class='ocrx_word' id='word_1_112' title='bbox 1301 1318 1482 1371; x_wconf 87' lang='lat' dir='ltr'>sidera</span> <span class='ocrx_word' id='word_1_113' title='bbox 1518 1319 1673 1373; x_wconf 88' lang='lat' dir='ltr'>nobis</span> 
     </span>
    </p>

    <p class='ocr_par' dir='ltr' id='par_1_17' title="bbox 313 1389 2021 1462">
     <span class='ocr_line' id='line_1_18' title="bbox 313 1389 2021 1462; baseline 0.005 -22"><span class='ocrx_word' id='word_1_114' title='bbox 313 1389 744 1460; x_wconf 88' lang='lat' dir='ltr'>Haedorumque</span> <span class='ocrx_word' id='word_1_115' title='bbox 782 1392 898 1446; x_wconf 89' lang='lat' dir='ltr'>dies</span> <span class='ocrx_word' id='word_1_116' title='bbox 935 1394 1187 1446; x_wconf 82' lang='lat' dir='ltr'>servandi</span> <span class='ocrx_word' id='word_1_117' title='bbox 1224 1397 1282 1446; x_wconf 90' lang='lat' dir='ltr'>et</span> <span class='ocrx_word' id='word_1_118' title='bbox 1315 1393 1525 1447; x_wconf 88' lang='lat' dir='ltr'>lucidus</span> <span class='ocrx_word' id='word_1_119' title='bbox 1562 1395 1789 1462; x_wconf 83' lang='lat' dir='ltr'>Anguis,</span> <span class='ocrx_word' id='word_1_120' title='bbox 1946 1409 2021 1448; x_wconf 74' lang='lat'>20⁶</span> 
     </span>
    </p>

    <p class='ocr_par' dir='ltr' id='par_1_18' title="bbox 313 1466 1961 1538">
     <span class='ocr_line' id='line_1_19' title="bbox 313 1466 1961 1538; baseline 0.004 -20"><span class='ocrx_word' id='word_1_121' title='bbox 313 1466 488 1529; x_wconf 82' lang='lat' dir='ltr'>Quam</span> <span class='ocrx_word' id='word_1_122' title='bbox 527 1466 722 1534; x_wconf 86' lang='lat' dir='ltr'>quibus</span> <span class='ocrx_word' id='word_1_123' title='bbox 756 1468 812 1520; x_wconf 91' lang='lat' dir='ltr'>in</span> <span class='ocrx_word' id='word_1_124' title='bbox 847 1467 1083 1537; x_wconf 86' lang='lat' dir='ltr'>patriam</span> <span class='ocrx_word' id='word_1_125' title='bbox 1121 1471 1349 1521; x_wconf 86' lang='lat' dir='ltr'>ventosa</span> <span class='ocrx_word' id='word_1_126' title='bbox 1382 1485 1482 1537; x_wconf 89' lang='lat' dir='ltr'>per</span> <span class='ocrx_word' id='word_1_127' title='bbox 1518 1485 1755 1538; x_wconf 88' lang='lat' dir='ltr'>aequora</span> <span class='ocrx_word' id='word_1_128' title='bbox 1789 1469 1961 1524; x_wconf 86' lang='lat' dir='ltr'>vectis</span> 
     </span>
    </p>

    <p class='ocr_par' dir='ltr' id='par_1_19' title="bbox 312 1540 1734 1612">
     <span class='ocr_line' id='line_1_20' title="bbox 312 1540 1734 1612; baseline 0.003 -18"><span class='ocrx_word' id='word_1_129' title='bbox 312 1540 523 1595; x_wconf 88' lang='lat' dir='ltr'>Pontus</span> <span class='ocrx_word' id='word_1_130' title='bbox 562 1545 619 1595; x_wconf 90' lang='lat' dir='ltr'>et</span> <span class='ocrx_word' id='word_1_131' title='bbox 656 1543 895 1596; x_wconf 82' lang='lat' dir='ltr'>ostriferi</span> <span class='ocrx_word' id='word_1_132' title='bbox 931 1543 1114 1596; x_wconf 83' lang='lat' dir='ltr'>fauces</span> <span class='ocrx_word' id='word_1_133' title='bbox 1151 1546 1496 1612; x_wconf 80' lang='lat' dir='ltr'>temptantur</span> <span class='ocrx_word' id='word_1_134' title='bbox 1534 1544 1734 1612; x_wconf 79' lang='lat' dir='ltr'>Abydi.</span> 
     </span>
    </p>

    <p class='ocr_par' dir='ltr' id='par_1_20' title="bbox 309 1617 1695 1688">
     <span class='ocr_line' id='line_1_21' title="bbox 309 1617 1695 1688; baseline 0.001 -18"><span class='ocrx_word' id='word_1_135' title='bbox 309 1617 478 1671; x_wconf 90' lang='lat' dir='ltr'>Libra</span> <span class='ocrx_word' id='word_1_136' title='bbox 515 1618 604 1672; x_wconf 88' lang='lat' dir='ltr'>die</span> <span class='ocrx_word' id='word_1_137' title='bbox 642 1619 924 1687; x_wconf 89' lang='lat' dir='ltr'>somnique</span> <span class='ocrx_word' id='word_1_138' title='bbox 958 1634 1121 1687; x_wconf 84' lang='lat' dir='ltr'>pares</span> <span class='ocrx_word' id='word_1_139' title='bbox 1156 1618 1251 1671; x_wconf 90' lang='lat' dir='ltr'>ubi</span> <span class='ocrx_word' id='word_1_140' title='bbox 1285 1618 1480 1672; x_wconf 84' lang='lat' dir='ltr'>fecerit</span> <span class='ocrx_word' id='word_1_141' title='bbox 1515 1618 1695 1688; x_wconf 88' lang='lat' dir='ltr'>horas,</span> 
     </span>
    </p>

    <p class='ocr_par' dir='ltr' id='par_1_21' title="bbox 306 1693 1867 1767">
     <span class='ocr_line' id='line_1_22' title="bbox 306 1693 1867 1767; baseline 0.001 -19"><span class='ocrx_word' id='word_1_142' title='bbox 306 1693 382 1748; x_wconf 87' lang='lat' dir='ltr'>Et</span> <span class='ocrx_word' id='word_1_143' title='bbox 419 1694 662 1749; x_wconf 88' lang='lat' dir='ltr'>medium</span> <span class='ocrx_word' id='word_1_144' title='bbox 697 1695 802 1750; x_wconf 91' lang='lat' dir='ltr'>luci</span> <span class='ocrx_word' id='word_1_145' title='bbox 836 1698 1004 1765; x_wconf 88' lang='lat' dir='ltr'>atque</span> <span class='ocrx_word' id='word_1_146' title='bbox 1041 1694 1249 1750; x_wconf 87' lang='lat' dir='ltr'>umbris</span> <span class='ocrx_word' id='word_1_147' title='bbox 1282 1695 1391 1749; x_wconf 87' lang='lat' dir='ltr'>iam</span> <span class='ocrx_word' id='word_1_148' title='bbox 1430 1695 1626 1750; x_wconf 88' lang='lat' dir='ltr'>dividit</span> <span class='ocrx_word' id='word_1_149' title='bbox 1662 1695 1867 1767; x_wconf 87' lang='lat' dir='ltr'>orbem,</span> 
     </span>
    </p>

    <p class='ocr_par' dir='ltr' id='par_1_22' title="bbox 307 1770 2019 1841">
     <span class='ocr_line' id='line_1_23' title="bbox 307 1770 2019 1841; baseline 0.001 -18"><span class='ocrx_word' id='word_1_150' title='bbox 307 1770 593 1841; x_wconf 84' lang='lat' dir='ltr'>Exercete,</span> <span class='ocrx_word' id='word_1_151' title='bbox 633 1773 749 1840; x_wconf 85' lang='lat' dir='ltr'>viri,</span> <span class='ocrx_word' id='word_1_152' title='bbox 786 1776 985 1837; x_wconf 83' lang='lat' dir='ltr'>tauros,</span> <span class='ocrx_word' id='word_1_153' title='bbox 1023 1773 1191 1825; x_wconf 87' lang='lat' dir='ltr'>serite</span> <span class='ocrx_word' id='word_1_154' title='bbox 1226 1771 1434 1826; x_wconf 86' lang='lat' dir='ltr'>hordea</span> <span class='ocrx_word' id='word_1_155' title='bbox 1474 1773 1694 1841; x_wconf 88' lang='lat' dir='ltr'>campis,</span> <span class='ocrx_word' id='word_1_156' title='bbox 1944 1788 2019 1827; x_wconf 83' lang='lat'>210</span> 
     </span>
    </p>

    <p class='ocr_par' dir='ltr' id='par_1_23' title="bbox 308 1848 1935 1917">
     <span class='ocr_line' id='line_1_24' title="bbox 308 1848 1935 1917; baseline 0 -15"><span class='ocrx_word' id='word_1_157' title='bbox 308 1848 499 1917; x_wconf 87' lang='lat' dir='ltr'>Usque</span> <span class='ocrx_word' id='word_1_158' title='bbox 537 1848 638 1901; x_wconf 91' lang='lat' dir='ltr'>sub</span> <span class='ocrx_word' id='word_1_159' title='bbox 675 1852 983 1903; x_wconf 86' lang='lat' dir='ltr'>extremum</span> <span class='ocrx_word' id='word_1_160' title='bbox 1018 1848 1245 1901; x_wconf 77' lang='lat' dir='ltr'>brumae</span> <span class='ocrx_word' id='word_1_161' title='bbox 1280 1848 1643 1901; x_wconf 88' lang='lat' dir='ltr'>intractabilis</span> <span class='ocrx_word' id='word_1_162' title='bbox 1676 1848 1908 1903; x_wconf 86' lang='lat' dir='ltr'>imbrem</span> <span class='ocrx_word' id='word_1_163' title='bbox 1920 1869 1935 1911; x_wconf 87' lang='lat'>;</span> 
     </span>
    </p>

    <p class='ocr_par' dir='ltr' id='par_1_24' title="bbox 305 1922 1711 1994">
     <span class='ocr_line' id='line_1_25' title="bbox 305 1922 1711 1994; baseline 0.001 -19"><span class='ocrx_word' id='word_1_164' title='bbox 305 1922 424 1977; x_wconf 81' lang='lat' dir='ltr'>Nec</span> <span class='ocrx_word' id='word_1_165' title='bbox 460 1941 568 1978; x_wconf 90' lang='lat' dir='ltr'>non</span> <span class='ocrx_word' id='word_1_166' title='bbox 605 1928 663 1979; x_wconf 92' lang='lat' dir='ltr'>et</span> <span class='ocrx_word' id='word_1_167' title='bbox 699 1925 793 1977; x_wconf 91' lang='lat' dir='ltr'>lini</span> <span class='ocrx_word' id='word_1_168' title='bbox 829 1928 1074 1993; x_wconf 87' lang='lat' dir='ltr'>segetcm</span> <span class='ocrx_word' id='word_1_169' title='bbox 1113 1927 1171 1978; x_wconf 92' lang='lat' dir='ltr'>et</span> <span class='ocrx_word' id='word_1_170' title='bbox 1209 1924 1435 1979; x_wconf 75' lang='lat' dir='ltr'>Cereale</span> <span class='ocrx_word' id='word_1_171' title='bbox 1472 1941 1711 1994; x_wconf 81' lang='lat' dir='ltr'>papaver</span> 
     </span>
    </p>

    <p class='ocr_par' dir='ltr' id='par_1_25' title="bbox 303 1994 1967 2069">
     <span class='ocr_line' id='line_1_26' title="bbox 303 1994 1967 2069; baseline -0.001 -16"><span class='ocrx_word' id='word_1_172' title='bbox 303 2000 542 2069; x_wconf 87' lang='lat' dir='ltr'>Tempus</span> <span class='ocrx_word' id='word_1_173' title='bbox 566 2001 731 2054; x_wconf 87' lang='lat' dir='ltr'>humo</span> <span class='ocrx_word' id='word_1_174' title='bbox 757 2004 966 2069; x_wconf 84' lang='lat' dir='ltr'>tegere,</span> <span class='ocrx_word' id='word_1_175' title='bbox 992 2004 1051 2054; x_wconf 88' lang='lat' dir='ltr'>et</span> <span class='ocrx_word' id='word_1_176' title='bbox 1073 2000 1391 2054; x_wconf 87' lang='lat' dir='ltr'>iamdudum</span> <span class='ocrx_word' id='word_1_177' title='bbox 1417 2000 1728 2054; x_wconf 84' lang='lat' dir='ltr'>incumbere</span> <span class='ocrx_word' id='word_1_178' title='bbox 1751 1994 1967 2067; x_wconf 81' lang='lat' dir='ltr'>aratris,</span> 
     </span>
    </p>

    <p class='ocr_par' dir='ltr' id='par_1_26' title="bbox 304 2075 1722 2145">
     <span class='ocr_line' id='line_1_27' title="bbox 304 2075 1722 2145; baseline -0.001 -16"><span class='ocrx_word' id='word_1_179' title='bbox 304 2076 450 2129; x_wconf 89' lang='lat' dir='ltr'>Dum</span> <span class='ocrx_word' id='word_1_180' title='bbox 486 2078 626 2130; x_wconf 82' lang='lat' dir='ltr'>sicca</span> <span class='ocrx_word' id='word_1_181' title='bbox 663 2077 860 2131; x_wconf 89' lang='lat' dir='ltr'>tellure</span> <span class='ocrx_word' id='word_1_182' title='bbox 894 2078 1039 2144; x_wconf 85' lang='lat' dir='ltr'>licet,</span> <span class='ocrx_word' id='word_1_183' title='bbox 1077 2076 1209 2129; x_wconf 91' lang='lat' dir='ltr'>dum</span> <span class='ocrx_word' id='word_1_184' title='bbox 1245 2076 1433 2129; x_wconf 85' lang='lat' dir='ltr'>nubila</span> <span class='ocrx_word' id='word_1_185' title='bbox 1468 2075 1722 2145; x_wconf 89' lang='lat' dir='ltr'>pendent.</span> 
     </span>
    </p>

    <p class='ocr_par' dir='ltr' id='par_1_27' title="bbox 305 2152 2016 2222">
     <span class='ocr_line' id='line_1_28' title="bbox 305 2152 2016 2222; baseline -0.001 -16"><span class='ocrx_word' id='word_1_186' title='bbox 305 2153 451 2207; x_wconf 87' lang='lat' dir='ltr'>Vere</span> <span class='ocrx_word' id='word_1_187' title='bbox 489 2154 627 2207; x_wconf 89' lang='lat' dir='ltr'>fabis</span> <span class='ocrx_word' id='word_1_188' title='bbox 666 2154 834 2221; x_wconf 82' lang='lat' dir='ltr'>sati03</span> <span class='ocrx_word' id='word_1_189' title='bbox 874 2157 992 2207; x_wconf 91' lang='lat' dir='ltr'>tum</span> <span class='ocrx_word' id='word_1_190' title='bbox 1029 2157 1089 2206; x_wconf 90' lang='lat' dir='ltr'>tc</span> <span class='ocrx_word' id='word_1_191' title='bbox 1126 2169 1357 2222; x_wconf 87' lang='lat' dir='ltr'>quoque,</span> <span class='ocrx_word' id='word_1_192' title='bbox 1397 2152 1627 2217; x_wconf 77' lang='lat' dir='ltr'>Medica,</span> <span class='ocrx_word' id='word_1_193' title='bbox 1662 2155 1854 2221; x_wconf 87' lang='lat' dir='ltr'>putres</span> <span class='ocrx_word' id='word_1_194' title='bbox 1942 2166 2016 2205; x_wconf 76' lang='lat'>215</span> 
     </span>
    </p>

    <p class='ocr_par' dir='ltr' id='par_1_28' title="bbox 304 2230 1650 2298">
     <span class='ocr_line' id='line_1_29' title="bbox 304 2230 1650 2298; baseline -0.002 -16"><span class='ocrx_word' id='word_1_195' title='bbox 304 2230 601 2298; x_wconf 84' lang='lat' dir='ltr'>Accipiunt</span> <span class='ocrx_word' id='word_1_196' title='bbox 637 2232 784 2295; x_wconf 85' lang='lat' dir='ltr'>sulci,</span> <span class='ocrx_word' id='word_1_197' title='bbox 824 2234 883 2284; x_wconf 92' lang='lat' dir='ltr'>et</span> <span class='ocrx_word' id='word_1_198' title='bbox 919 2230 1066 2282; x_wconf 89' lang='lat' dir='ltr'>milio</span> <span class='ocrx_word' id='word_1_199' title='bbox 1104 2230 1255 2282; x_wconf 82' lang='lat' dir='ltr'>venit</span> <span class='ocrx_word' id='word_1_200' title='bbox 1290 2245 1469 2281; x_wconf 88' lang='lat' dir='ltr'>annua</span> <span class='ocrx_word' id='word_1_201' title='bbox 1504 2245 1650 2294; x_wconf 86' lang='lat' dir='ltr'>cura,</span> 
     </span>
    </p>

    <p class='ocr_par' dir='ltr' id='par_1_29' title="bbox 304 2302 1719 2375">
     <span class='ocr_line' id='line_1_30' title="bbox 304 2302 1719 2375; baseline 0 -18"><span class='ocrx_word' id='word_1_202' title='bbox 304 2304 580 2359; x_wconf 86' lang='lat' dir='ltr'>Candidus</span> <span class='ocrx_word' id='word_1_203' title='bbox 618 2308 823 2361; x_wconf 87' lang='lat' dir='ltr'>auratis</span> <span class='ocrx_word' id='word_1_204' title='bbox 859 2306 1038 2375; x_wconf 85' lang='lat' dir='ltr'>aperit</span> <span class='ocrx_word' id='word_1_205' title='bbox 1073 2321 1197 2358; x_wconf 86' lang='lat' dir='ltr'>cum</span> <span class='ocrx_word' id='word_1_206' title='bbox 1232 2302 1487 2359; x_wconf 89' lang='lat' dir='ltr'>cornibus</span> <span class='ocrx_word' id='word_1_207' title='bbox 1521 2320 1719 2357; x_wconf 87' lang='lat' dir='ltr'>annum</span> 
     </span>
    </p>

    <p class='ocr_par' dir='ltr' id='par_1_30' title="bbox 303 2374 1762 2448">
     <span class='ocr_line' id='line_1_31' title="bbox 303 2374 1762 2448; baseline 0 -16"><span class='ocrx_word' id='word_1_208' title='bbox 303 2380 526 2448; x_wconf 81' lang='lat' dir='ltr'>Taurus,</span> <span class='ocrx_word' id='word_1_209' title='bbox 567 2386 626 2437; x_wconf 91' lang='lat' dir='ltr'>et</span> <span class='ocrx_word' id='word_1_210' title='bbox 661 2382 892 2437; x_wconf 85' lang='lat' dir='ltr'>adverso</span> <span class='ocrx_word' id='word_1_211' title='bbox 929 2382 1131 2437; x_wconf 89' lang='lat' dir='ltr'>cedens</span> <span class='ocrx_word' id='word_1_212' title='bbox 1169 2374 1333 2435; x_wconf 58' lang='lat' dir='ltr'>Cahiis</span> <span class='ocrx_word' id='word_1_213' title='bbox 1368 2379 1565 2434; x_wconf 89' lang='lat' dir='ltr'>occidit</span> <span class='ocrx_word' id='word_1_214' title='bbox 1599 2384 1762 2433; x_wconf 79' lang='lat' dir='ltr'>astro,</span> 
     </span>
    </p>

    <p class='ocr_par' dir='ltr' id='par_1_31' title="bbox 303 2456 1691 2525">
     <span class='ocr_line' id='line_1_32' title="bbox 303 2456 1691 2525; baseline 0 -16"><span class='ocrx_word' id='word_1_215' title='bbox 303 2459 384 2510; x_wconf 88' lang='lat' dir='ltr'>At</span> <span class='ocrx_word' id='word_1_216' title='bbox 421 2457 467 2509; x_wconf 88' lang='lat' dir='ltr'>si</span> <span class='ocrx_word' id='word_1_217' title='bbox 502 2459 774 2513; x_wconf 86' lang='lat' dir='ltr'>triticeam</span> <span class='ocrx_word' id='word_1_218' title='bbox 809 2459 866 2511; x_wconf 89' lang='lat' dir='ltr'>in</span> <span class='ocrx_word' id='word_1_219' title='bbox 902 2474 1139 2513; x_wconf 88' lang='lat' dir='ltr'>messem</span> <span class='ocrx_word' id='word_1_220' title='bbox 1174 2456 1507 2525; x_wconf 84' lang='lat' dir='ltr'>robustaque</span> <span class='ocrx_word' id='word_1_221' title='bbox 1541 2457 1691 2510; x_wconf 87' lang='lat' dir='ltr'>farra</span> 
     </span>
    </p>

    <p class='ocr_par' dir='ltr' id='par_1_32' title="bbox 302 2532 2015 2602">
     <span class='ocr_line' id='line_1_33' title="bbox 302 2532 2015 2602; baseline -0.001 -17"><span class='ocrx_word' id='word_1_222' title='bbox 302 2532 598 2586; x_wconf 82' lang='lat' dir='ltr'>Exercebis</span> <span class='ocrx_word' id='word_1_223' title='bbox 633 2533 858 2588; x_wconf 89' lang='lat' dir='ltr'>humum</span> <span class='ocrx_word' id='word_1_224' title='bbox 897 2534 1132 2602; x_wconf 88' lang='lat' dir='ltr'>solisque</span> <span class='ocrx_word' id='word_1_225' title='bbox 1166 2533 1397 2586; x_wconf 89' lang='lat' dir='ltr'>instabis</span> <span class='ocrx_word' id='word_1_226' title='bbox 1434 2532 1630 2600; x_wconf 73' lang='lat' dir='ltr'>aristiS,</span> <span class='ocrx_word' id='word_1_227' title='bbox 1942 2545 2015 2584; x_wconf 74' lang='lat'>220</span> 
     </span>
    </p>

    <p class='ocr_par' dir='ltr' id='par_1_33' title="bbox 303 2608 1579 2664">
     <span class='ocr_line' id='line_1_34' title="bbox 303 2608 1579 2664; baseline -0.002 -3"><span class='ocrx_word' id='word_1_228' title='bbox 303 2610 455 2663; x_wconf 85' lang='lat' dir='ltr'>Ante</span> <span class='ocrx_word' id='word_1_229' title='bbox 490 2608 593 2662; x_wconf 90' lang='lat' dir='ltr'>tibi</span> <span class='ocrx_word' id='word_1_230' title='bbox 632 2608 782 2663; x_wconf 85' lang='lat' dir='ltr'>ane</span> <span class='ocrx_word' id='word_1_231' title='bbox 819 2609 1137 2664; x_wconf 86' lang='lat' dir='ltr'>Atlantides</span> <span class='ocrx_word' id='word_1_232' title='bbox 1173 2608 1579 2663; x_wconf 80' lang='lat' dir='ltr'>abscondantur</span> 
     </span>
    </p>

    <p class='ocr_par' dir='ltr' id='par_1_34' title="bbox 302 2682 1658 2753">
     <span class='ocr_line' id='line_1_35' title="bbox 302 2682 1658 2753; baseline -0.003 -15"><span class='ocrx_word' id='word_1_233' title='bbox 302 2686 612 2753; x_wconf 83' lang='lat' dir='ltr'>Gnosiaque</span> <span class='ocrx_word' id='word_1_234' title='bbox 647 2684 892 2738; x_wconf 82' lang='lat' dir='ltr'>ardentis</span> <span class='ocrx_word' id='word_1_235' title='bbox 932 2685 1167 2739; x_wconf 88' lang='lat' dir='ltr'>decedat</span> <span class='ocrx_word' id='word_1_236' title='bbox 1204 2683 1365 2737; x_wconf 87' lang='lat' dir='ltr'>stella</span> <span class='ocrx_word' id='word_1_237' title='bbox 1402 2682 1658 2749; x_wconf 85' lang='lat' dir='ltr'>Coronae,</span> 
     </span>
    </p>

    <p class='ocr_par' dir='ltr' id='par_1_35' title="bbox 303 2759 1812 2830">
     <span class='ocr_line' id='line_1_36' title="bbox 303 2759 1812 2830; baseline -0.001 -17"><span class='ocrx_word' id='word_1_238' title='bbox 303 2762 504 2817; x_wconf 85' lang='lat' dir='ltr'>Debita</span> <span class='ocrx_word' id='word_1_239' title='bbox 540 2779 702 2830; x_wconf 82' lang='lat' dir='ltr'>quam</span> <span class='ocrx_word' id='word_1_240' title='bbox 741 2760 900 2814; x_wconf 87' lang='lat' dir='ltr'>sulcis</span> <span class='ocrx_word' id='word_1_241' title='bbox 937 2761 1247 2815; x_wconf 85' lang='lat' dir='ltr'>committas</span> <span class='ocrx_word' id='word_1_242' title='bbox 1284 2759 1503 2826; x_wconf 86' lang='lat' dir='ltr'>semina,</span> <span class='ocrx_word' id='word_1_243' title='bbox 1541 2774 1812 2828; x_wconf 87' lang='lat' dir='ltr'>quamque</span> 
     </span>
    </p>

    <p class='ocr_par' dir='ltr' id='par_1_36' title="bbox 307 2836 1670 2908">
     <span class='ocr_line' id='line_1_37' title="bbox 307 2836 1670 2908; baseline 0.001 -19"><span class='ocrx_word' id='word_1_244' title='bbox 307 2838 516 2893; x_wconf 81' lang='lat' dir='ltr'>Invitae</span> <span class='ocrx_word' id='word_1_245' title='bbox 551 2854 818 2908; x_wconf 87' lang='lat' dir='ltr'>properes</span> <span class='ocrx_word' id='word_1_246' title='bbox 855 2839 982 2891; x_wconf 81' lang='lat' dir='ltr'>anni</span> <span class='ocrx_word' id='word_1_247' title='bbox 1017 2853 1172 2907; x_wconf 88' lang='lat' dir='ltr'>spem</span> <span class='ocrx_word' id='word_1_248' title='bbox 1210 2836 1436 2890; x_wconf 86' lang='lat' dir='ltr'>credere</span> <span class='ocrx_word' id='word_1_249' title='bbox 1472 2839 1670 2890; x_wconf 87' lang='lat' dir='ltr'>terrae.</span> 
     </span>
    </p>

    <p class='ocr_par' dir='ltr' id='par_1_37' title="bbox 300 2912 2013 2983">
     <span class='ocr_line' id='line_1_38' title="bbox 300 2912 2013 2983; baseline -0.002 -16"><span class='ocrx_word' id='word_1_250' title='bbox 300 2914 463 2969; x_wconf 87' lang='lat' dir='ltr'>Multi</span> <span class='ocrx_word' id='word_1_251' title='bbox 497 2919 628 2969; x_wconf 87' lang='lat' dir='ltr'>ante</span> <span class='ocrx_word' id='word_1_252' title='bbox 668 2932 918 2969; x_wconf 87' lang='lat' dir='ltr'>occasum</span> <span class='ocrx_word' id='word_1_253' title='bbox 957 2913 1137 2967; x_wconf 84' lang='lat' dir='ltr'>Maiae</span> <span class='ocrx_word' id='word_1_254' title='bbox 1174 2930 1435 2983; x_wconf 86' lang='lat' dir='ltr'>coepere;</span> <span class='ocrx_word' id='word_1_255' title='bbox 1478 2912 1576 2967; x_wconf 89' lang='lat' dir='ltr'>sed</span> <span class='ocrx_word' id='word_1_256' title='bbox 1611 2912 1732 2966; x_wconf 84' lang='lat' dir='ltr'>illos</span> <span class='ocrx_word' id='word_1_257' title='bbox 1938 2924 2013 2964; x_wconf 75' lang='lat'>225</span> 
     </span>
    </p>

    <p class='ocr_par' dir='ltr' id='par_1_38' title="bbox 305 2990 1454 3062">
     <span class='ocr_line' id='line_1_39' title="bbox 305 2990 1454 3062; baseline 0.001 -18"><span class='ocrx_word' id='word_1_258' title='bbox 305 2993 636 3062; x_wconf 83' lang='lat' dir='ltr'>Exspectata</span> <span class='ocrx_word' id='word_1_259' title='bbox 675 3009 833 3061; x_wconf 87' lang='lat' dir='ltr'>seges</span> <span class='ocrx_word' id='word_1_260' title='bbox 873 2992 1024 3045; x_wconf 79' lang='lat' dir='ltr'>vanis</span> <span class='ocrx_word' id='word_1_261' title='bbox 1061 2990 1225 3045; x_wconf 85' lang='lat' dir='ltr'>elusit</span> <span class='ocrx_word' id='word_1_262' title='bbox 1260 2991 1454 3045; x_wconf 72' lang='lat' dir='ltr'>aristis,</span> 
     </span>
    </p>

    <p class='ocr_par' dir='ltr' id='par_1_39' title="bbox 299 3065 1673 3138">
     <span class='ocr_line' id='line_1_40' title="bbox 299 3065 1673 3138; baseline -0.004 -16"><span class='ocrx_word' id='word_1_263' title='bbox 299 3070 356 3122; x_wconf 73' lang='lat' dir='ltr'>Si</span> <span class='ocrx_word' id='word_1_264' title='bbox 392 3086 522 3124; x_wconf 82' lang='lat' dir='ltr'>vero</span> <span class='ocrx_word' id='word_1_265' title='bbox 560 3069 860 3138; x_wconf 85' lang='lat' dir='ltr'>viciamque</span> <span class='ocrx_word' id='word_1_266' title='bbox 899 3085 1050 3122; x_wconf 85' lang='lat' dir='ltr'>seres</span> <span class='ocrx_word' id='word_1_267' title='bbox 1087 3068 1355 3137; x_wconf 87' lang='lat' dir='ltr'>vilemque</span> <span class='ocrx_word' id='word_1_268' title='bbox 1391 3065 1673 3135; x_wconf 86' lang='lat' dir='ltr'>phaselum</span> 
     </span>
    </p>

    <p class='ocr_par' dir='ltr' id='par_1_40' title="bbox 297 3141 1611 3215">
     <span class='ocr_line' id='line_1_41' title="bbox 297 3141 1611 3215; baseline -0.004 -15"><span class='ocrx_word' id='word_1_269' title='bbox 297 3146 350 3200; x_wconf 91' lang='lat' dir='ltr'>N</span> <span class='ocrx_word' id='word_1_270' title='bbox 355 3163 419 3203; x_wconf 83' lang='lat' dir='ltr'>ec</span> <span class='ocrx_word' id='word_1_271' title='bbox 458 3146 769 3201; x_wconf 79' lang='lat' dir='ltr'>Pelusiacae</span> <span class='ocrx_word' id='word_1_272' title='bbox 805 3162 990 3201; x_wconf 88' lang='lat' dir='ltr'>curam</span> <span class='ocrx_word' id='word_1_273' title='bbox 1027 3144 1396 3215; x_wconf 84' lang='lat' dir='ltr'>aspernabere</span> <span class='ocrx_word' id='word_1_274' title='bbox 1433 3141 1611 3206; x_wconf 75' lang='lat' dir='ltr'>lentis,</span> 
     </span>
    </p>
   </div>
  </div>
 </body>
</html>
