2163 3401
759 99 764 105 ’
785 90 938 137 AEN
939 90 1151 139 EIDOS
1186 92 1325 141 LIB.
1364 93 1463 144 IV.
1884 97 1973 147 147

261 171 528 229 Gaudens
563 172 622 223 et
657 168 864 237 pariter
901 168 1047 223 facta
1081 174 1250 238 atque
1286 171 1489 227 infecta
1523 173 1781 229 canebat:
1908 188 1981 229 ιω

264 247 498 302 Venisse
537 246 781 311 Aenean,
817 244 1047 297 Troiano
1086 246 1350 313 sanguine
1384 252 1616 318 cretum,

261 324 364 379 Cui
401 339 460 376 se
495 320 722 390 pulchra
758 321 882 377 viro⁴
914 321 1173 389 dignetur
1209 322 1436 391 iungere
1475 325 1647 391 Dido;

260 402 311 456 N
315 418 424 456 unc
457 398 691 451 hiemem
729 396 876 450 inter
915 413 973 450 se
1008 398 1155 465 luxu,
1198 416 1361 469 quam
1398 400 1575 469 longa,
1608 404 1793 458 fovere

261 479 579 547 Regnorum
616 474 947 527 inmemores
985 476 1247 545 turpique
1284 477 1538 547 cupidine
1573 484 1776 548 captos.

203 590 208 595 .
265 556 418 609 Haec
451 551 656 620 passim
696 550 802 605 dea
835 551 1000 605 foeda
1035 554 1215 607 virum
1254 554 1513 609 diffundit
1548 556 1602 607 in
1639 573 1748 611 ora.
1912 568 1983 613 ιω

259 630 523 684 Protinus
558 626 629 680 ad
667 644 856 697 regem
895 645 1085 683 cursus
1124 629 1421 699 detorquet
1458 632 1676 701 Iarban,

203 741 213 749 ,
261 706 628 775 Incenditque
665 707 908 760 animum
946 706 1109 761 dictis
1145 711 1315 777 atque
1348 713 1578 778 aggerat
1610 709 1735 764 iras.

328 784 439 837 liic
479 783 792 837 Hammone
829 787 998 851 satus,
1034 787 1199 874 rapta
1234 783 1625 840 Garamantide
1664 786 1714 839 N
1718 786 1931 855 5mpha,

258 860 490 933 Templa
528 860 645 913 Iovi
681 864 902 914 centum
942 861 1070 915 latis
1106 861 1347 914 inmania
1382 862 1581 929 regnis,

257 938 499 991 Centum
535 952 658 989 aras
691 935 889 1003 posuit,
930 933 1258 1002 vigilemque
1294 941 1605 991 sacraverat
1640 938 1838 1006 ignem,
1906 951 1983 991 ιω

257 1012 534 1067 Excubias
569 1010 750 1065 divom
788 1016 1053 1101 aeternas,
1093 999 1479 1081 pecudumque
1516 1030 1708 1069 cruore

257 1090 471 1159 Pingue
509 1090 683 1143 solum
719 1092 779 1143 et
815 1088 978 1141 variis
1015 1088 1270 1143 florentia
1307 1090 1497 1145 limina
1533 1092 1711 1145 sertis.

257 1167 429 1237 Isque
465 1182 655 1219 amens
691 1164 855 1218 animi
893 1168 952 1217 et
987 1181 1208 1218 rumore
1244 1182 1503 1221 accensus
1538 1183 1722 1221 amaro

254 1246 476 1299 Dicitur
513 1247 642 1296 ante
679 1259 801 1295 aras
839 1241 1021 1296 media
1055 1243 1203 1296 inter
1238 1244 1459 1298 numina
1495 1244 1676 1298 divom

255 1322 441 1376 Multa
479 1321 666 1373 Iovem
704 1318 954 1372 manibus
991 1318 1223 1388 supplex
1260 1337 1444 1375 orasse
1480 1322 1711 1390 supinis:
1908 1339 1982 1379 και

254 1398 518 1468 luppiter
553 1396 911 1464 omnipotens,
951 1396 1058 1455 cui,
1075 1412 1223 1451 nunc
1260 1396 1542 1452 Maurusia
1575 1400 1735 1467 pictis

253 1477 410 1531 Gens
448 1472 670 1542 epulata
706 1474 842 1528 toris
879 1473 1156 1529 Lenaeum
1192 1474 1332 1529 libat
1366 1474 1641 1540 honorem,

253 1552 482 1622 Aspicis
517 1551 688 1605 haec?
730 1567 800 1604 an
837 1552 911 1618 te,
945 1550 1177 1618 genitor,
1216 1566 1340 1603 cum
1376 1550 1605 1604 fulmina
1640 1555 1885 1620 torques,

250 1629 612 1699 Nequiquam
649 1628 948 1694 horremus,
987 1626 1247 1695 caecique
1282 1626 1339 1679 in
1376 1624 1613 1679 nubibus
1648 1628 1802 1695 ignes

249 1707 587 1762 Terrificant
620 1705 826 1758 animos
864 1709 922 1758 et
956 1705 1139 1758 inania
1172 1720 1453 1758 murmura
1487 1705 1748 1760 miscent?
1908 1721 1983 1760 κιο

251 1784 507 1851 Femina,
543 1797 683 1850 quae
718 1783 920 1835 nostris
957 1797 1147 1834 errans
1181 1781 1237 1834 iu
1273 1781 1476 1835 finibus
1508 1781 1700 1836 urbem

249 1862 531 1929 Exiguam
566 1857 747 1928 pretio
780 1859 979 1926 posuit,
1016 1857 1103 1911 cui
1139 1858 1269 1912 litus
1304 1859 1571 1913 arandum

250 1937 472 2006 Cuique
507 1935 612 1990 loci
646 1934 796 2004 leges
833 1933 1103 2002 dedimus,
1140 1934 1410 1989 connubia
1444 1940 1631 1990 nostra

249 2013 531 2083 Reppulit
565 2029 628 2067 ac
665 2012 944 2066 dominum
985 2014 1216 2066 Aenean
1252 2012 1307 2066 iu
1345 2029 1516 2080 regna
1549 2014 1776 2083 recepit.

248 2093 327 2146 Et
365 2106 516 2144 nunc
549 2090 641 2143 ille
678 2089 834 2142 Paris
869 2106 992 2144 cum
1031 2089 1283 2143 semiviro
1316 2091 1592 2156 comitatu,
1907 2103 1979 2143 2115

247 2167 516 2222 Maeonia
549 2169 795 2220 mentum
831 2166 996 2220 mitra
1031 2166 1349 2234 crinemque,
1379 2165 1691 2224 madentem

249 2244 568 2309 SubnexuS,
603 2247 768 2311 rapto
805 2243 1046 2312 potitur:
1085 2258 1185 2296 nos
1220 2257 1447 2295 munera
1481 2242 1699 2310 templis

250 2322 481 2390 Quippe
516 2320 627 2374 tuis
661 2319 900 2386 ferimus,
940 2319 1257 2390 famamque
1290 2318 1537 2373 fovemus
1571 2319 1802 2372 inanem.
1830 2325 1879 2378 J)

319 2396 554 2451 Talibus
589 2400 836 2450 orantem
881 2396 1040 2451 dictis
1077 2412 1311 2465 arasque
1348 2398 1627 2449 tenentem

251 2472 464 2528 Audiit
500 2473 853 2542 omnipotens,
895 2474 1187 2542 oculosque
1223 2472 1297 2526 ad
1332 2471 1545 2526 moenia
1580 2470 1743 2526 torsit
1905 2487 1979 2526 aso

251 2549 437 2618 Regia
473 2553 534 2603 et
567 2549 768 2604 oblitos
804 2550 982 2605 famae
1020 2550 1259 2605 meliori-3
1295 2549 1543 2603 amantis.

248 2627 398 2680 Tum
437 2625 515 2679 sic
552 2626 884 2682 Mercurium
925 2629 1246 2698 adloquitur
1281 2642 1345 2680 ac
1380 2625 1512 2678 talia
1546 2603 1796 2678 mandat:

249 2703 300 2756 V
303 2701 420 2757 ade
457 2701 575 2772 age,
601 2709 754 2771 -,nate
791 2722 922 2760 voca
961 2706 1236 2774 Zephyros
1272 2706 1345 2756 et-
1365 2699 1550 2755 labere
1586 2700 1791 2768 penuiS,

249 2779 712 2851 Dardaniumque
748 2783 960 2852 ducem,
998 2782 1159 2850 Tyria
1196 2778 1537 2846 Karthagine
1572 2777 1666 2846 qui
1700 2793 1844 2832 nune

249 2858 580 2926 Exspectat,
615 2859 857 2929 fatisque
895 2861 1054 2914 datas
1092 2875 1199 2912 non
1236 2856 1459 2925 respicit
1493 2855 1672 2921 urbeS,
1698 2887 1705 2894 ·
1902 2869 1976 2908 aas

241 2936 586 3006 ,Adloquere
622 2938 681 2989 et
717 2936 909 2990 celeris
944 2936 1101 2990 defer
1134 2951 1257 2988 mea
1292 2933 1441 2987 dicta
1474 2948 1591 3001 per
1608 2946 1781 2984 auras.

248 3012 386 3067 Non
422 3011 577 3065 illum
612 3011 772 3065 nobis
806 3012 1060 3080 genetrix
1097 3011 1461 3080 pulcherrima
1495 3007 1689 3061 talem

248 3087 526 3144 Promisit
542 3087 895 3162 Graiumque
929 3087 1054 3139 ideo
1089 3085 1174 3138 bis
1207 3085 1463 3139 vindieat
1482 3083 1677 3144 armis3

245 3163 394 3222 Sed
407 3164 564 3231 fore,
583 3163 678 3234 qui
716 3160 1000 3230 gravidam
1033 3160 1257 3230 inperiis
1292 3159 1545 3228 belloque
1577 3154 1903 3208 frementem
