2163 3401
224 106 319 153 260
682 100 742 149 Ρ.
782 98 1092 148 VERGILI
1127 100 1394 151 MARON
1395 100 1464 150 IS

223 180 527 235 Transfossi
563 179 709 248 ligno
749 180 987 235 veniunt.
1060 182 1173 235 Vix
1210 196 1350 236 unus
1389 184 1636 239 Helenor

223 260 297 312 Et
334 258 511 326 Lycus
548 258 747 325 elapsi,
799 275 1031 325 quorum
1068 259 1381 327 primaevus
1421 260 1687 331 Helenor,
1860 277 1932 316 545

224 334 472 387 Maeonio
510 334 627 400 regi
664 350 828 401 quem
866 350 1025 387 serva
1062 334 1342 402 Licymnia
1375 336 1568 390 furtim

223 410 535 465 Sustulerat
572 410 868 478 vetitisque
906 410 978 463 ad
1016 410 1233 473 Troiam
1268 412 1495 467 miserat
1529 412 1715 481 armis,

224 487 368 539 Ense
404 486 539 539 levis
576 485 725 539 nudo
762 503 1064 555 parmaque
1101 488 1363 555 inglorius
1399 488 1534 541 alba.

224 564 393 633 isque
428 562 522 616 ubi
561 580 621 617 se
658 564 827 617 Turni
863 564 1048 620 media.
1086 564 1234 625 inter
1269 563 1418 619 milia
1453 564 1608 632 vidit,

225 640 369 694 Hine
405 641 547 695 acies
586 645 755 710 atque
792 641 919 695 hine
954 641 1098 695 acies
1131 640 1356 694 adstare
1392 640 1644 695 Latinas:
1855 658 1928 696 εεο

222 717 301 769 Ut
336 716 467 782 fera,
507 735 662 786 quae,
698 718 871 771 densa
901 722 1197 773 venantum
1233 721 1426 785 saepta
1459 734 1671 785 corona,

222 792 427 846 Contra
464 794 575 846 tela
610 794 757 859 furit,
796 810 1025 862 seseque
1060 793 1210 849 haud
1245 795 1430 847 nescia
1465 793 1630 847 morti

223 868 409 923 Iniieit
444 873 503 923 et
539 870 685 923 saltu
720 886 885 939 supra
918 870 1188 923 venabula
1221 870 1417 937 fertur,
1500 904 1519 917 .

223 945 390 999 Haud
426 946 589 1001 aliter
622 947 833 1000 iuvenis
867 946 1079 999 medios
1117 946 1414 1000 moriturus
1447 946 1508 999 in
1540 946 1718 1001 hostis

224 1022 419 1088 Inruit,
456 1026 530 1090 et,
567 1040 675 1091 qua
709 1023 823 1076 tela
857 1023 1010 1077 videt
1046 1022 1384 1091 densissima,
1420 1022 1618 1077 tendit.
1849 1040 1926 1079 55³

224 1098 303 1150 At
334 1097 569 1165 pedibus
606 1099 767 1165 longe
805 1099 997 1153 melior
1034 1100 1211 1167 Lycus
1245 1099 1392 1153 inter
1427 1102 1486 1153 et
1519 1099 1698 1155 hostis

221 1171 379 1227 Inter
413 1177 471 1227 et
508 1190 658 1227 arma
690 1176 823 1243 fuga
856 1191 1043 1230 muros
1077 1178 1247 1243 tenet,
1283 1175 1506 1244 altaque
1541 1180 1722 1231 certat

221 1246 500 1303 Prendere
536 1254 687 1305 tecta
719 1267 885 1305 manu
920 1250 1237 1320 sociumque
1273 1252 1550 1319 attingere
1588 1253 1834 1307 dextras.

220 1324 395 1390 Quem
431 1327 661 1393 Turnus,
696 1328 908 1395 pariter
942 1344 1109 1383 cursu
1144 1328 1366 1397 teloque
1400 1332 1636 1396 secutus,

219 1402 479 1473 Increpat
515 1403 602 1457 his
637 1404 839 1459 vietor:
889 1405 1195 1459 Nostraene
1231 1403 1482 1472 evadere,
1520 1404 1760 1470 demens,
1845 1422 1924 1461 seo

218 1480 465 1548 Sper-asti
500 1484 561 1534 te
594 1497 755 1549 posse
789 1480 1015 1536 manus?
1066 1480 1226 1535 simul
1259 1480 1456 1547 arripit
1491 1481 1667 1549 ipsum

219 1555 575 1623 Pendentem,
614 1559 671 1611 et
706 1574 901 1625 magna
935 1557 1077 1609 muri
1112 1572 1236 1609 cum
1271 1560 1432 1625 parte
1466 1557 1709 1611 revellit:

220 1632 413 1697 Qualis
447 1632 541 1686 ubi
578 1637 675 1687 aut
710 1633 951 1703 leporem
988 1636 1086 1686 aut
1119 1632 1374 1687 candenti
1409 1649 1636 1702 corpore
1671 1649 1904 1703 cycnum

218 1708 454 1763 Sustulit
489 1711 601 1763 alta
635 1714 831 1778 petens
864 1709 1100 1778 pedibus
1139 1709 1286 1762 Iovis
1321 1709 1559 1776 armiger
1593 1711 1763 1775 uneiS,

218 1785 536 1849 Quaesitum
572 1789 669 1839 aut
702 1787 867 1840 matri
900 1785 1092 1840 multis
1126 1785 1402 1840 balatibus
1437 1802 1630 1854 agnum
1843 1803 1922 1842 565

216 1861 450 1914 Martius
486 1879 519 1915 a
556 1863 786 1916 stabulis
822 1863 1007 1930 rapuit
1040 1863 1214 1931 lupus.
1275 1861 1537 1931 Undique
1569 1863 1776 1916 elamor

215 1937 475 2003 Tollitur3
522 1937 789 1992 invadunt
822 1944 881 1992 et
914 1940 1086 1992 fossas
1115 1953 1316 2006 aggere
1349 1939 1633 2006 eoanent;

216 2012 482 2066 Ardentis
518 2015 709 2069 taedas
745 2015 838 2068 alii
874 2015 947 2069 ad
979 2013 1201 2081 fastigia
1235 2013 1454 2068 iactant.

216 2088 456 2144 Ilioneus
490 2107 623 2144 saxo
653 2095 821 2160 atque
855 2090 1064 2158 ingenti
1098 2089 1366 2157 fragmine
1400 2090 1599 2144 montis

214 2164 513 2233 Lucetium,
548 2171 740 2235 portae
776 2166 1104 2220 subeuntem
1140 2165 1390 2234 ignisque
1416 2166 1698 2232 ferentem,
1837 2181 1922 2224 570

217 2241 540 2296 Emathiona
576 2243 756 2311 Liger,
796 2243 1137 2311 Corynaeum
1173 2241 1374 2296 sternit
1411 2240 1610 2310 AsilaS,

216 2317 322 2372 Hie
355 2319 530 2373 iaculo
566 2318 754 2387 bonus,
788 2319 879 2372 hic
913 2320 1074 2386 longe
1107 2317 1335 2376 fallente
1370 2317 1600 2384 sagitta;

212 2393 498 2463 Ortygium
536 2395 797 2463 Caeneus,
832 2395 1097 2448 victorem
1135 2393 1350 2447 Caenea
1385 2392 1612 2463 Turnus,

212 2470 427 2524 Turnus
466 2472 613 2538 Itym
650 2470 1023 2538 Cloniumque,
1060 2469 1396 2538 Dioxippum
1434 2467 1877 2540 Promolumque,

213 2547 285 2601 Et
312 2547 561 2616 Sagarim
586 2549 644 2600 et
668 2546 892 2600 summis
924 2548 1163 2599 stantem
1185 2561 1289 2613 pro
1311 2543 1558 2599 turribus
1582 2543 1756 2610 Idan3
1833 2561 1921 2601 επ

216 2624 532 2677 Privernum
571 2623 759 2692 Capys,
833 2622 999 2676 Hune
1032 2622 1208 2691 primo
1245 2621 1380 2676 levis
1413 2620 1572 2674 hasta
1609 2621 1922 2678 Themillae

209 2699 546 2752 strinxerat:
594 2699 689 2752 ille
726 2714 948 2752 manum
984 2699 1228 2766 proiecto
1264 2698 1507 2764 tegmine
1543 2698 1776 2753 demens

211 2771 305 2822 Ad
339 2772 531 2824 volnus
565 2774 722 2838 tulit3
772 2790 903 2840 ergo
940 2774 1041 2826 alis
1074 2774 1304 2841 adlapsa
1339 2773 1544 2840 sagitta

211 2843 282 2895 Et
315 2843 468 2897 laevo
505 2846 686 2900 adfixa
722 2851 807 2901 est
844 2849 1002 2902 lateri
1037 2865 1246 2916 manus,
1282 2848 1582 2918 abditaque
1615 2849 1768 2906 intus

209 2915 553 2980 Spitamenta
584 2921 797 2976 animae
832 2923 983 2976 letali
1017 2924 1239 2978 volnere
1273 2923 1442 2994 rupit.
1834 2940 1922 2981 ssu

209 2986 405 3070 Stabat
434 2990 493 3040 in
530 2997 763 3061 egregiis
801 2999 1061 3052 Arcentis
1097 2999 1243 3052 filius
1277 2999 1458 3066 armis,

256 3063 414 3144 ‘effulm-
430 3075 531 3113 acu
566 3066 903 3148 phlamydem
939 3077 997 3127 et
1030 3075 1312 3142 ferrugine
1347 3075 1528 3130 clarus
1563 3075 1801 3146 Hibera,

288 3145 447 3197 'ugms
478 3134 632 3202 faeie,
665 3144 881 3207 genitor
912 3163 1075 3208 quem
1110 3152 1338 3207 miserat
1373 3153 1602 3218 Arcens,
