2163 3401
166 88 227 133 81
626 85 685 133 P.
723 84 1032 133 VERGILI
1066 84 1418 135 MARONIS*

166 168 359 221 Ineute
394 167 501 220 vim
537 167 715 219 ventis
752 166 1170 236 submersasque
1206 169 1378 223 obrue
1413 170 1628 241 puppis,

165 245 283 298 Aut
317 260 418 310 age
454 243 698 296 diversos
734 248 792 297 et
827 243 1014 297 disiice
1049 261 1277 313 corpora
1313 250 1495 314 ponte.
1829 256 1892 305 70'

164 320 304 375 Sunt
338 319 470 373 mihi
507 320 589 372 bis
626 323 839 388 septem
875 322 1183 390 praestanti
1217 338 1444 389 corpore
1480 322 1779 393 Nymphae,

165 396 407 461 Quarum
444 413 582 465 quae
618 396 793 449 forma
829 395 1196 464 pulcherrima
1233 398 1490 466 Deiopea,

165 473 446 528 Connubio
480 473 702 541 iungam
740 472 923 525 stabili
959 474 1344 541 propriamque
1381 473 1588 543 dicab0,

166 550 355 604 Omnis
390 553 453 603 ut
488 554 671 604 tecum
706 549 917 602 meritis
953 565 1054 617 pro
1089 550 1292 603 talibus
1329 566 1498 603 annos

165 626 365 695 Exigat
401 631 460 681 et
495 625 721 695 pulchra
754 626 919 678 faciat
954 629 1012 677 te
1047 624 1203 693 prole
1237 630 1535 695 parentem.
1825 645 1881 687 75

236 704 444 757 Aeolus
479 703 615 755 haec
650 705 867 755 contra:
906 701 1066 768 Tuus,
1107 717 1139 753 o
1175 703 1378 771 regina,
1416 703 1549 771 quid
1583 707 1756 773 optes,

165 780 465 848 Explorare
500 779 682 843 labor3
716 778 848 831 mihi
882 778 1029 831 iussa
1063 794 1349 847 capessere
1382 779 1464 833 fas
1500 784 1598 833 est.

166 855 247 909 Tu
281 857 427 923 mihi,
462 855 844 926 quodcumque
880 853 981 907 hoc
1016 854 1188 921 regni,
1223 859 1286 908 tu
1321 858 1540 925 sceptra.
1576 856 1881 926 Iovemque

166 932 446 999 ConciliaS,
482 937 547 985 tu
584 932 683 984 das
720 930 893 998 epulis
928 930 1248 984 accumbere
1283 930 1481 1000 divom,

164 1007 216 1061 N
219 1008 595 1076 imborumque
630 1007 763 1059 facis
798 1009 1296 1076 tempestatumque
1329 1011 1624 1075 potentem.
1821 1024 1882 1065 so

236 1084 391 1139 Haec
425 1082 520 1137 ubi
555 1084 717 1151 dieta,
754 1100 944 1137 cavum
980 1099 1243 1138 conversa
1281 1085 1504 1153 cuspide
1537 1090 1776 1141 montem

166 1160 375 1229 Inpulit
409 1161 467 1214 in
502 1160 676 1215 latus:
714 1176 777 1213 ac
812 1160 978 1228 venti,
1012 1160 1165 1214 velut
1200 1162 1416 1229 agmine
1451 1163 1604 1227 facte,

168 1237 287 1301 Qua.
323 1238 455 1291 data
492 1239 665 1305 porta,
705 1240 872 1290 ruunt
909 1241 966 1290 et
1002 1240 1184 1289 terras
1219 1237 1440 1291 turbine
1473 1237 1720 1301 perflant.

168 1314 472 1367 Incubuere
507 1313 661 1379 mari,
698 1316 987 1381 totumque
1022 1330 1056 1367 a
1093 1314 1316 1367 sedibus
1348 1314 1468 1367 imis

167 1389 288 1441 Una
328 1390 611 1459 Eurusque
648 1389 938 1457 Notusque
972 1394 1141 1448 ruunt
1175 1390 1475 1459 creberque
1508 1390 1760 1452 procellis
1819 1405 1880 1445 ss

167 1465 399 1531 Africus,
436 1469 494 1519 et
530 1469 713 1518 vastos
748 1466 970 1519 volvunt
1006 1465 1079 1519 ad
1113 1465 1275 1521 litora
1309 1467 1520 1521 fluctus,

166 1542 484 1611 Insequitur
518 1542 827 1609 clamorque
863 1543 1039 1595 virum
1076 1543 1388 1613 stridorque
1424 1544 1730 1599 rudentum.

167 1619 419 1687 Eripiunt
454 1618 637 1672 subito
673 1618 847 1672 nubes
884 1619 1201 1688 caelumque
1237 1620 1489 1689 diemque

164 1695 491 1749 Teucrorum
530 1713 597 1749 ex
636 1694 836 1761 eculis;
872 1699 1041 1763 ponto
1078 1714 1186 1750 nox
1223 1696 1444 1753 incubat
1478 1699 1609 1751 atra.

170 1773 463 1825 Intonuere
498 1773 623 1840 poli,
662 1776 719 1825 et
754 1772 959 1826 crebris
996 1773 1164 1826 micat
1199 1773 1416 1841 ignibus
1453 1773 1656 1840 aether,
1821 1789 1878 1828 so

168 1848 627 1918 l‘raesentemque
662 1849 791 1901 viris
824 1849 1104 1903 intentant
1141 1851 1319 1904 omnia
1352 1853 1600 1904 mortem.

166 1925 453 1994 Extemplo
490 1927 715 1979 Aeneae
752 1925 1039 1979 solvuntur
1073 1925 1280 1993 frigore
1317 1926 1590 1992 membra;

167 2001 417 2071 Ingemit,
453 2004 511 2056 et
548 2001 777 2071 duplicis
812 2003 1049 2064 tendens
1087 2002 1160 2056 ad
1197 2003 1378 2056 sidera
1410 2003 1616 2072 palmas

164 2077 311 2131 Talia
346 2096 477 2133 voce
512 2080 710 2136 refert:
750 2080 796 2132 O
836 2083 1031 2148 terque
1070 2083 1375 2148 quaterque
1410 2079 1572 2146 beati,

164 2153 295 2216 Quis
330 2158 459 2210 ante
495 2171 589 2208 ora
624 2160 843 2224 patrum
880 2156 1073 2210 Troiae
1111 2156 1210 2210 sub
1247 2155 1526 2209 moenibus
1563 2154 1690 2207 altis
1821 2167 1878 2208 06

164 2229 406 2298 Contigit
440 2231 727 2300 oppetere!
764 2250 797 2285 o
835 2233 1083 2286 Danaum
1120 2233 1415 2286 fortissime
1448 2231 1626 2297 gentis

162 2306 396 2374 Tydide!
436 2325 595 2360 mene
636 2308 816 2362 Iliacis
854 2308 1176 2364 occumbere
1212 2309 1414 2376 campis

161 2381 210 2434 N
216 2399 285 2434 on
321 2383 563 2449 potuisse
601 2386 806 2452 tuaque
842 2386 1078 2438 animam
1119 2385 1258 2438 hanc
1293 2385 1573 2439 effundere
1610 2383 1826 2452 dextra,

160 2457 361 2512 Saevus
398 2459 490 2511 ubi
530 2458 808 2514 Aeacidae
844 2461 957 2514 telo
994 2462 1140 2516 iacet
1179 2461 1405 2530 Hector,
1441 2461 1536 2514 ubi
1571 2460 1766 2527 ingens

160 2534 456 2604 Sarpedon,
494 2535 589 2589 ubi
625 2538 711 2590 tot
752 2535 946 2591 Simois
982 2542 1236 2607 correpta
1273 2537 1374 2592 sub
1408 2537 1568 2590 undis
1805 2551 1881 2590 100

160 2610 325 2673 Scuta
359 2613 533 2668 virum
569 2613 862 2684 galeasque
902 2618 960 2668 et
996 2615 1162 2668 fortia
1199 2631 1427 2683 corpora
1461 2601 1719 2672 volvitis*

226 2688 377 2741 Talia
411 2691 638 2744 iactanti
676 2693 914 2746 stridens
958 2693 1232 2760 Aquilone
1267 2690 1504 2760 procella

158 2761 359 2816 Velum
395 2767 627 2819 adversa
662 2769 807 2835 ferit,
847 2769 1154 2836 fluctusque
1193 2769 1266 2823 ad
1303 2769 1484 2821 sidera
1519 2765 1678 2820 tollit.

162 2837 509 2904 Franguntur
544 2844 713 2908 remi3
748 2849 868 2897 tum
904 2862 1067 2913 prora
1103 2847 1321 2913 avertit,
1361 2848 1418 2898 et
1453 2843 1612 2896 undis

161 2911 273 2964 Dat
288 2912 431 2967 latus
452 2936 463 2979 ;
486 2917 795 2983 insequitur
812 2921 1027 2973 cumulo
1051 2926 1383 2990 praeruptus
1401 2937 1576 2989 aquae
1593 2935 1764 2974 mons.
1801 2933 1879 2974 10⁵

162 2987 255 3059 Hi·
276 3005 483 3042 summo
516 2991 573 3043 in
610 2992 779 3046 fluctu
814 2995 1088 3062 pendent3
1123 2998 1208 3051 his
1243 2997 1393 3051 unda
1433 2997 1719 3050 dehiscens

162 3063 383 3116 Terram
418 3065 561 3118 inter
596 3066 791 3121 fluctus
827 3072 1040 3138 aperit;
1074 3074 1210 3126 furit
1245 3077 1429 3126 aestus
1466 3073 1658 3126 arenis.

160 3136 281 3190 Tris
316 3138 495 3194 Notus
531 3141 787 3211 abreptas
821 3145 879 3200 in
914 3163 1046 3200 saxa
1080 3148 1312 3202 latentia.
1348 3143 1644 3217 torquet-
