2163 3401
227 102 319 153 176
689 100 746 145 Ρ.
784 98 1092 147 VERGILI
1128 100 1457 149 MARONIS

228 181 530 248 Sideraque
564 191 815 235 emensae
851 179 1094 251 ferimur,
1132 176 1264 237 duni
1298 198 1401 249 per
1435 198 1587 237 mare
1620 201 1881 254 magnum

226 257 447 311 Italiam
482 255 761 323 sequimur
793 256 1111 325 fugientem,
1146 261 1205 312 et
1240 258 1507 313 volvimur
1539 261 1715 316 undis.

227 333 338 387 llic
373 333 560 401 Erycis
595 333 732 387 fines
765 334 1017 400 fraterni,
1043 338 1211 403 atque
1244 336 1444 404 hospes
1480 338 1739 393 Acestes:
1854 353 1935 394 eas

226 410 359 475 Quis
393 409 648 478 prohibet
683 426 863 463 muros
898 410 1076 465 iacere
1112 414 1171 465 ct
1206 410 1340 465 darc
1376 412 1583 466 civibus
1615 413 1839 470 urbem?

225 488 272 538 0
309 486 490 556 patria
525 490 582 541 ct
617 486 762 555 rapti
797 487 1128 557 nequiquam
1164 504 1235 541 ex
1270 488 1429 542 hoste
1465 489 1717 558 Penates,

223 563 458 617 Nullane
492 564 599 616 iam
638 562 830 615 Troiae
867 563 1121 617 dicentur
1154 564 1401 618 moenia?
1434 582 1705 638 nusquam

226 639 530 693 Hectoreos
565 640 754 708 amnis,
791 638 1073 693 Xanthum
1110 644 1170 695 et
1205 640 1497 707 Simoenta,
1532 642 1769 697 videbo?

226 716 368 780 Quin
403 718 550 787 agite
585 720 643 771 et
677 712 890 771 mecum
923 718 1187 771 infaustas
1222 719 1437 772 exurite
1470 718 1683 787 puppis.
1853 733 1931 773 635

223 790 368 846 Nam
402 794 535 847 mihi
574 792 912 853 Cassandrae
947 811 1046 863 per
1083 811 1328 848 somnum
1362 795 1501 849 vatis
1535 795 1717 863 imago

226 868 492 923 Ardentis
529 870 660 923 dare
695 872 810 925 visa
842 872 1012 926 faces:
1061 872 1171 926 Hic
1206 872 1455 941 quaerite
1491 872 1533 925 T
1535 872 1737 937 roiam3

225 944 334 999 Hic
368 946 560 999 domus
595 950 695 1014 est,
729 948 924 1017 inquit,
957 948 1125 1003 vobis
1200 948 1320 1002 Iam
1354 954 1569 1017 tempus
1604 948 1697 1016 agi
1730 964 1829 1007 res.

223 1020 276 1073 N
279 1038 340 1075 ec
374 1024 544 1078 tantis
579 1041 731 1078 mora
764 1025 1039 1094 prodigiis.
1116 1027 1199 1079 En
1234 1028 1497 1094 quattuor
1530 1040 1661 1078 arae

222 1097 276 1150 N
279 1104 513 1169 eptuno;
555 1101 691 1155 deus
726 1102 843 1171 ipse
877 1104 1020 1157 faces
1054 1104 1401 1171 animumque
1435 1101 1726 1155 ministrat.
1852 1113 1929 1152 mo

223 1175 380 1231 Haec
415 1194 719 1231 memorans
751 1178 928 1246 prima
960 1178 1231 1233 infensum
1266 1180 1320 1232 vi
1354 1177 1579 1247 corripit
1612 1177 1807 1244 ignem,

225 1254 560 1325 Sublataque
593 1256 781 1325 procul
817 1256 1016 1310 dextra
1048 1257 1277 1311 connixa
1310 1256 1574 1321 coruscat,

223 1329 299 1383 Et
331 1331 472 1387 iacit.
545 1334 813 1388 Arrectae
847 1336 1060 1387 mentes
1096 1330 1511 1401 stupefactaque
1546 1327 1721 1383 corda‘

223 1407 476 1463 Iliadum.
551 1410 660 1464 Hic
693 1428 804 1465 una
837 1422 868 1461 c
905 1408 1105 1477 multis,
1140 1425 1280 1478 quae
1314 1421 1569 1461 maxuma
1600 1406 1755 1469 natu,

225 1483 419 1555 Pyr-ge,
455 1491 542 1541 tot
580 1487 782 1541 Priami
817 1488 1068 1541 natorum
1104 1484 1259 1553 regia
1290 1484 1503 1544 nutrix:
1854 1494 1935 1534 ⁶45

225 1558 277 1612 N
281 1578 348 1615 on
385 1564 563 1617 Beroe
595 1563 765 1631 vobis,
800 1580 908 1617 non
940 1562 1075 1619 haec
1114 1560 1396 1627 Rhoeteia,
1432 1563 1650 1623 matres,

223 1638 326 1692 Est
362 1638 581 1710 Dorycli
613 1640 877 1707 coniunx;
909 1638 1080 1693 divini
1116 1639 1271 1708 signa
1303 1637 1513 1691 decoris

225 1715 603 1787 Ardentisque
637 1721 825 1772 notate
862 1716 1073 1781 oculos3
1111 1717 1205 1784 qui
1241 1714 1464 1784 spiritus
1498 1711 1593 1779 illi,

225 1792 329 1856 Qui
365 1793 559 1860 voltuS,
594 1795 850 1862 vocisque
883 1809 1060 1860 sonus,
1096 1793 1182 1846 vel
1217 1808 1437 1860 gressus
1469 1787 1637 1843 eunti.

225 1868 356 1936 Ipsa
390 1874 608 1938 egomet
643 1870 850 1924 dudum
887 1869 1103 1923 Beroen
1140 1868 1385 1937 digressa
1418 1865 1615 1934 reliqui
1856 1878 1935 1918 05⁰

225 1947 482 2016 Aegram,
517 1946 910 2014 indignantem,
945 1947 1045 2000 tali
1080 1945 1231 2015 quod
1266 1944 1379 1998 sola
1413 1943 1629 1996 careret

223 2021 467 2090 Munere,
505 2041 603 2078 nec
637 2025 863 2078 meritos
902 2021 1180 2077 Anchisae
1213 2020 1442 2074 inferret
1473 2018 1725 2071 honores.

223 2097 378 2153 Haec
415 2099 590 2153 effata.

222 2175 303 2228 At
335 2180 540 2230 matres
575 2176 752 2245 primo
788 2175 1072 2246 ancipiteS,
1112 2173 1386 2242 oculisque
1420 2169 1671 2238 malignis

223 2252 530 2323 Ambiguae
565 2258 814 2322 spectare
847 2257 998 2308 rates
1032 2250 1295 2304 miserum
1329 2249 1476 2302 inter
1510 2259 1755 2300 amorem
1856 2259 1929 2300 656

223 2328 534 2383 Praesentis
567 2332 752 2382 terrae
787 2329 1027 2398 fatisque
1061 2327 1309 2381 vocantia
1342 2340 1535 2393 regna:

221 2405 359 2458 Cum
395 2405 499 2459 dea
533 2423 592 2459 se
626 2406 848 2474 paribus
882 2423 982 2474 per
1017 2404 1227 2458 caelum
1264 2402 1484 2456 sustulit
1520 2399 1621 2453 alis

223 2481 620 2553 Ingentemque
652 2483 782 2550 fuga
818 2483 991 2538 secuit
1025 2481 1128 2534 sub
1162 2479 1399 2534 nubibus
1421 2493 1623 2531 arcum.

219 2559 354 2614 'l'um
389 2577 516 2615 vero
552 2560 820 2614 attonitae
853 2559 1113 2612 monstris
1146 2561 1412 2625 actaeque
1447 2555 1631 2608 furore

218 2637 585 2704 Conclamant,
621 2638 951 2705 rapiuntque
985 2634 1121 2688 focis
1153 2631 1527 2702 penetralibus
1560 2631 1745 2697 ignem
1759 2649 1775 2693 ;
1848 2640 1922 2680 ew

220 2711 355 2764 Pars
390 2715 622 2780 spoliant
655 2730 792 2781 aras,
826 2711 1076 2766 frondem
1112 2727 1175 2764 ac
1210 2710 1445 2778 virgulta
1477 2707 1736 2772 facesque

219 2785 536 2841 Coniiciunt.
610 2791 768 2842 Furit
799 2790 1038 2843 inmissis
1076 2789 1345 2841 Volcanus
1376 2782 1607 2840 habenis

219 2857 480 2912 Transtra
513 2877 612 2928 per
647 2867 706 2914 et
739 2879 918 2916 remos
954 2869 1012 2916 et
1046 2864 1221 2931 pictas
1254 2861 1435 2914 abiete
1468 2857 1683 2928 puppis·

223 2930 461 2983 Nuntius
499 2935 768 2988 Anchisae
803 2938 875 2990 ad
908 2936 1181 2991 tumulum
1216 2950 1523 3004 cuneosque
1559 2931 1769 2986 theatri

223 3004 480 3056 Incensas
510 3008 721 3073 perfert
755 3011 906 3063 navis
943 3011 1217 3074 Eumelus,
1254 3014 1314 3065 et
1345 3010 1453 3079 ipsi
1847 3015 1927 3053 <285

225 3077 545 3144 Respiciunt
579 3085 755 3136 atram
788 3084 848 3138 in
883 3085 1067 3140 nimbo
1102 3087 1329 3140 volitare
1364 3084 1621 3138 favillam.

227 3150 444 3204 Primus
477 3155 536 3206 et
572 3156 849 3225 Ascanius,
885 3175 1074 3215 cursus
1108 3165 1175 3217 ut
1208 3161 1385 3216 laetus
1419 3160 1698 3228 equestris
