2163 3401
742 64 1154 154 GEORGICON
1187 104 1328 155 LIB.
1367 105 1476 155 ΙΙΙ.
1907 108 1966 157 61

260 192 316 246 N
318 208 389 245 on
424 206 581 244 secus
614 205 679 242 ac
711 186 907 257 patriis
941 203 1069 241 acer
1107 186 1388 241 Romanus
1421 188 1481 242 in
1516 188 1686 243 armis

260 268 481 322 Iniuste
518 264 619 319 suh
656 264 803 317 fasce
839 272 983 316 viam
1019 280 1144 319 cum
1180 264 1374 333 carpit,
1411 269 1472 319 et
1504 263 1650 319 hosti

258 346 414 398 Ante
451 345 829 410 exspectatum
866 341 1061 408 positis
1097 344 1212 393 stat
1247 342 1303 394 in
1339 343 1556 410 agmine
1589 343 1797 397 castris.

334 422 415 474 At
449 435 573 485 non,
610 434 721 485 qua
756 417 1008 484 Scythiae
1042 420 1240 485 gentes
1276 418 1626 487 Maeotiaque
1660 418 1824 487 unda,

257 494 537 551 Turbidus
574 497 635 547 et
670 497 935 561 torquens
972 492 1225 547 flaventis
1265 494 1462 554 Hister
1495 510 1704 563 arenas,
1900 510 1972 550 350

258 575 494 641 Quaque
529 570 679 624 redit
714 570 957 623 medium
996 570 1266 640 Rhodope
1299 576 1554 641 porrecta
1587 572 1690 627 sub
1725 589 1900 627 axem.

259 650 387 704 Illic
422 648 607 702 clausa
640 650 835 701 tenent
869 646 1102 713 stabulis
1137 652 1398 715 armenta,
1435 667 1535 703 nec
1568 650 1712 703 ullae

258 728 385 781 Aut
418 725 623 778 herbae
657 740 847 793 campo
885 723 1156 791 adparent
1189 728 1288 779 aut
1321 726 1516 780 arbore
1549 724 1789 795 frondes,

214 792 233 817 '
258 802 378 857 Sed
409 802 551 855 iacet
586 800 881 870 aggeribus
916 801 1092 855 niveis
1127 800 1376 855 informis
1411 806 1470 857 et
1504 803 1616 857 alto

258 878 435 931 Terra
466 877 594 947 gelu
629 877 758 946 late,
794 881 1120 948 septemque
1157 878 1408 947 adsurgit
1440 880 1497 932 in
1531 880 1704 933 ulnas.
1900 892 1972 932 3⁵5

258 956 495 1023 Semper
527 955 754 1023 hiempS,
793 971 1011 1021 semper
1048 954 1322 1022 spirantes
1356 955 1558 1023 frigora
1591 954 1756 1009 cauri.

258 1031 403 1085 Tum
439 1031 518 1084 sol
552 1030 809 1100 pallentis
842 1030 992 1083 haud
1026 1047 1288 1099 umquam
1324 1031 1553 1086 discutit
1583 1031 1821 1099 umbraS,

258 1107 383 1161 Nec
419 1124 541 1161 cum
574 1108 824 1162 invectus
860 1107 1017 1175 equis
1052 1108 1226 1160 altum
1263 1108 1403 1177 petit
1421 1108 1675 1175 aethera,
1712 1124 1812 1161 nec
1847 1122 1972 1161 cum

260 1184 630 1252 Praecipitem
668 1184 871 1238 Oceani
906 1183 1073 1237 rubro
1111 1183 1245 1237 lavit
1278 1200 1516 1253 aequore
1550 1201 1783 1239 currum.

260 1260 635 1315 Concrescunt
667 1261 884 1315 subitae
921 1261 1166 1315 currenti
1202 1260 1259 1315 in
1296 1262 1518 1317 flumine
1553 1266 1784 1329 crustae,
1901 1275 1975 1315 seo

258 1336 538 1405 Undaque
572 1338 682 1391 iam
716 1341 876 1405 tergo
911 1338 1148 1391 ferratos
1186 1338 1423 1392 sustinet
1458 1339 1624 1407 orbis,

262 1412 549 1483 Puppibus
582 1413 681 1467 illa
711 1414 877 1483 priuS,
912 1414 1116 1483 patulis
1152 1431 1295 1469 nunc
1329 1414 1546 1484 hospita
1580 1414 1870 1484 plaustris3

262 1490 525 1559 Aeraque
559 1490 837 1544 dissiliunt
870 1490 1044 1558 volg0,
1079 1494 1376 1559 vestesque
1410 1492 1689 1559 rigescunt

263 1566 522 1634 Indutae‚
559 1567 921 1634 caeduntque
944 1566 1224 1621 securibus
1259 1566 1486 1621 humida
1523 1567 1660 1634 vina,

262 1644 341 1697 Et
375 1646 529 1698 totae
564 1643 794 1697 solidam
829 1643 884 1696 in
918 1644 1152 1712 glaciem
1191 1646 1410 1697 vertere
1448 1643 1672 1697 lacunae
1904 1657 1978 1697 ωε

264 1717 541 1790 Stiriaque
573 1721 787 1790 inpexis
821 1719 1067 1774 induruit
1103 1720 1326 1774 horrida
1361 1718 1558 1774 barbis.

264 1799 493 1852 Interea
526 1800 649 1852 toto
681 1813 791 1850 non
826 1797 998 1852 setius
1034 1814 1163 1852 aere
1199 1798 1441 1866 ninguit:

265 1875 561 1930 Intereunt
594 1875 849 1944 pecudes,
886 1877 1041 1928 stant
1074 1875 1402 1930 circumfusa
1435 1875 1648 1944 pruinis

266 1953 507 2023 Corpora
539 1969 739 2020 magna
771 1951 951 2019 boum,
984 1951 1340 2026 confertoque
1372 1953 1588 2022 agmine
1620 1950 1768 2006 cervi

265 2029 508 2098 Torpent
530 2028 674 2082 mole
694 2044 835 2082 nova
858 2031 918 2082 et
940 2029 1168 2083 summis
1191 2030 1284 2082 vix
1306 2029 1560 2084 cornibus
1583 2030 1819 2082 exstant.
1904 2040 1979 2081 370

266 2105 389 2160 Hos
422 2123 533 2159 non
568 2105 805 2158 inmissis
840 2105 1077 2172 canibus,
1114 2122 1222 2160 non
1256 2107 1499 2161 cassibus
1533 2106 1658 2160 ullis

266 2182 606 2236 Puniceaeve
640 2182 854 2250 agitant
888 2182 1115 2251 pavidos
1149 2183 1438 2237 formidine
1473 2199 1698 2252 pennae,

267 2258 377 2313 Sed
410 2259 622 2313 frustra
656 2259 965 2328 oppositum
1002 2259 1284 2315 trudentis
1320 2265 1546 2331 pectore
1581 2261 1826 2312 montem

268 2335 585 2409 Comminus
618 2335 951 2390 obtruncant
982 2336 1144 2407 ferro,
1181 2339 1536 2406 graviterque
1571 2333 1824 2390 rudentis

270 2413 538 2482 Caedunt,
573 2417 631 2468 et
665 2430 863 2482 magno
896 2413 1029 2468 laeti
1067 2414 1304 2469 clamore
1340 2415 1640 2484 reportant.
1909 2423 1983 2464 ⁸⁷⁵

271 2488 388 2558 Ipsi
422 2490 483 2543 in
516 2489 749 2544 defossis
785 2491 1054 2561 specubus
1094 2509 1286 2546 secura
1321 2491 1423 2545 sub
1459 2491 1572 2545 alta

270 2566 400 2621 Otia
434 2570 607 2636 agunt
640 2570 807 2636 terra,
844 2574 1218 2640 congestaque
1254 2568 1456 2622 robora
1492 2570 1750 2634 totasque

271 2644 587 2700 Advolvere
618 2646 753 2700 focis
780 2647 965 2701 ,ulmos
998 2648 1227 2717 ignique
1262 2645 1484 2698 dedere.

273 2719 383 2774 Hic
414 2726 635 2776 noctem
654 2723 801 2777 ludo
838 2725 1061 2793 ducunt,
1099 2729 1159 2780 et
1198 2721 1396 2794 poeula
1429 2719 1562 2773 laeti

274 2797 571 2853 Fermento
606 2804 775 2870 atque
811 2803 985 2857 acidis
1017 2803 1306 2857 imitantur
1340 2796 1486 2850 vitea
1521 2791 1715 2848 sorbis.
1915 2807 1990 2846 sao

272 2873 419 2928 Talis
456 2875 821 2946 Hyperboreo
858 2881 1084 2949 Septem
1119 2878 1372 2934 subiecta
1405 2871 1570 2927 trioni

274 2949 425 3004 Gens
460 2953 667 3007 effrena
700 2954 885 3010 virum.
916 2956 1165 3024 Rhipaeo
1200 2953 1455 3007 tunditur
1491 2949 1652 3010 Euro,

273 3025 349 3080 Et
382 3027 659 3096 pecudum
694 3031 859 3085 fulvis
894 3032 1112 3085 velatur
1147 3045 1374 3096 corpora
1410 3025 1592 3080 saetis.

344 3103 404 3158 Si
440 3100 549 3159 tibi
581 3104 835 3160 lanitium
870 3123 1051 3171 curae,
1089 3105 1324 3174 primum
1361 3115 1556 3169 aspera
1589 3095 1741 3154 silva,
1973 3164 1988 3172 -

276 3178 615 3251 Lappaeque
652 3180 965 3251 tribulique,
1000 3179 1215 3240 absint3
1245 3175 1375 3242 fuge
1408 3169 1610 3240 pabula
1641 3165 1818 3219 laet-³3
1920 3165 1990 3200 ³⁸³

2075 3324 2105 3377 Ι

2106 3231 2142 3319 A
