2163 3401
115 99 174 146 30
562 95 622 146 Ρ.
666 89 968 144 VERGILI
999 95 1265 147 MARON
1267 99 1333 148 IS

115 178 282 232 Haud
315 179 544 233 obscura
579 171 782 231 cadens
814 177 1002 230 mittet
1035 177 1136 231 tibi
1172 179 1327 248 signa
1362 181 1600 235 Bootes:

121 256 315 324 Incipe,
351 260 409 310 et
446 255 518 309 ad
555 253 762 307 medias
801 256 1102 306 sementem
1139 258 1377 311 extende
1416 258 1649 326 pruinas.
1754 273 1831 314 ao

185 332 395 385 Idcirco
432 331 596 386 certis
635 329 942 382 dimensum
978 330 1227 397 partibus
1264 334 1451 388 orbem

120 409 226 463 Per
259 409 512 462 duodena
546 407 690 474 regit
725 405 914 460 mundi
937 405 1040 459 -Sol
1077 423 1275 464 aureus
1310 415 1473 464 astra.

119 486 365 556 Quinque
402 487 597 539 tenent
634 483 841 538 caelum
879 499 1079 548 zonac;
1118 503 1347 553 quarum
1383 503 1493 540 una
1527 501 1751 540 corusco

117 563 344 632 Semper
380 562 490 616 sole
525 561 728 614 rubens
763 563 824 614 et
858 559 1068 613 torrida
1104 577 1321 630 semper
1356 561 1427 616 ab
1460 563 1601 630 igni3

119 641 292 705 Quam
317 640 515 692 circum
541 641 820 692 extremae
847 636 1044 690 dextra
1068 638 1331 708 laevaque
1354 639 1663 704 trahuntur,
1750 653 1829 695 235

119 716 382 771 Caerulea
416 715 588 783 glacie
624 716 909 767 concretae
945 717 1115 782 atque
1149 715 1415 768 imbribus
1451 715 1621 779 atris;

122 793 239 846 Has
272 793 420 850 inter
457 791 801 858 mediamque
840 789 980 842 duae
1018 792 1339 844 mortalibus
1375 792 1555 859 aegris

120 869 351 922 Munere
389 883 674 920 concessae
713 867 907 933 divom,
945 869 1003 920 et
1040 867 1127 920 via
1164 872 1312 921 secta
1346 885 1447 934 per
1482 867 1683 932 ambas,

121 945 383 1014 Obliquus
420 961 527 1012 qua
565 961 623 996 sc
662 944 935 1010 signorum
973 947 1220 996 verteret
1258 944 1404 997 ordo.

120 1021 370 1084 Mundus,
393 1026 456 1074 ut
480 1021 552 1073 ad
578 1019 848 1086 Scythiam
887 1018 1266 1090 Rhipaeasque
1292 1019 1493 1073 arduus
1516 1033 1667 1072 arcos
1751 1030 1824 1070 240

122 1097 426 1164 Consurgit,
463 1096 730 1164 premitur
768 1095 971 1163 Libyae
1010 1096 1249 1150 devexus
1284 1098 1340 1150 in
1378 1099 1606 1149 austros.

122 1175 228 1227 Hic
263 1177 455 1226 vertex
491 1171 644 1224 nobis
682 1187 910 1240 semper*
934 1171 1206 1238 sublimis;
1246 1177 1303 1228 at
1339 1173 1490 1225 illum

122 1249 233 1304 Sub
269 1248 500 1318 pedibus
537 1247 671 1315 Styx
708 1252 829 1300 atra
864 1248 1016 1301 videt
1053 1249 1353 1318 Manesque
1388 1245 1659 1317 profundi.

121 1327 409 1379 Maxmnus
443 1325 530 1378 hic
567 1325 712 1377 flexu
749 1325 962 1377 sinuoso
999 1324 1237 1378 elabitur
1276 1325 1489 1392 Anguis

123 1403 336 1457 Circum
372 1419 580 1472 perque
618 1401 754 1455 duas
789 1402 844 1455 in
880 1418 1089 1456 morem
1125 1403 1357 1455 fluminis
1394 1402 1612 1466 Arctos,
1752 1413 1823 1453 245

124 1481 323 1533 Arctos
363 1479 563 1534 Oceani
597 1479 894 1533 metuentis
929 1495 1167 1547 aequore
1202 1478 1391 1546 tingui.

123 1555 255 1626 Illic,
290 1560 353 1610 ut
388 1555 694 1625 perhibent,
729 1559 827 1609 aut
861 1555 1195 1624 intempesta
1230 1554 1355 1608 silet
1387 1569 1495 1607 nox

123 1634 362 1703 Semper,
400 1636 458 1686 ct
493 1632 720 1685 obtenta
755 1631 1055 1685 densantur
1079 1635 1241 1685 nocte
1271 1631 1545 1696 tenebrae,

123 1711 241 1764 Aut
276 1710 422 1763 redit
458 1727 490 1761 a
525 1708 681 1762 nobis
721 1710 938 1761 Aurora
976 1708 1233 1777 diemque
1268 1707 1497 1775 reducit,

121 1786 345 1855 Nosque
380 1786 475 1839 ubi
509 1786 715 1853 primus
751 1786 904 1853 equis
941 1783 1137 1838 Oriens
1172 1784 1397 1837 adflavit
1431 1782 1651 1848 anhelis,
1748 1796 1821 1835 250

124 1862 242 1915 Illic
279 1878 400 1915 sera
433 1862 633 1915 rubens
670 1862 919 1915 accendit
953 1860 1156 1914 lumina
1193 1860 1417 1927 Vesper.
1441 1858 1499 1927 O

123 1938 280 1995 Hinc
299 1940 660 2007 tempestates
697 1936 858 1990 dubio
893 1937 1240 2005 praediscere
1275 1936 1423 1990 eaelo

123 2013 430 2081 Possumus,
466 2013 591 2067 hinc
626 2014 926 2083 messisque
962 2012 1107 2067 diem
1143 2016 1467 2081 tempusque
1502 2010 1735 2075 serendi,

122 2091 195 2144 Et
231 2088 448 2159 quando
483 2089 712 2143 infidum
748 2091 913 2143 remis
947 2089 1208 2157 inpellere
1243 2105 1480 2142 marmor

124 2166 434 2233 Conveniat,
474 2165 690 2233 quando
727 2170 963 2219 armatas
999 2164 1273 2218 deducere
1308 2164 1507 2227 classis,‚
1748 2178 1819 2216 255

125 2245 241 2296 Aut
276 2242 655 2311 tempestivam
693 2242 840 2295 silvis
875 2258 939 2295 cv
943 2244 1127 2295 ertere
1162 2241 1375 2309 pinum:

122 2318 239 2372 Nec
272 2319 479 2372 frustra
516 2319 787 2385 signorum
823 2318 1002 2369 obitus
1039 2317 1381 2385 speculamur
1414 2323 1475 2370 et
1507 2320 1677 2382 ortus,

123 2394 586 2464 Temporibusque
621 2405 812 2463 parem
849 2392 1076 2446 diversis
1112 2396 1373 2460 quattuor
1405 2408 1621 2449 annum.

191 2469 448 2537 Frigidus
486 2468 774 2537 agricolam
813 2469 856 2521 si
891 2468 1109 2537 quando
1146 2470 1389 2523 continet
1420 2468 1611 2537 imber,

123 2546 312 2611 Multa,
347 2514 706 2614 forent⁰q11ao
741 2561 869 2598 mox
905 2544 1052 2598 caelo
1090 2546 1436 2613 properanda
1470 2560 1679 2611 sereno,
1750 2558 1822 2597 zan

121 2623 402 2677 Maturare
438 2623 631 2677 datur:
671 2621 870 2675 durum
906 2619 1163 2691 procudit
1198 2625 1382 2675 arator

122 2698 374 2752 Vomeris
410 2698 627 2751 obtunsi
663 2698 900 2767 dentem,
935 2700 1095 2751 cavat
1130 2697 1326 2750 arbore
1361 2698 1565 2761 lintres,

121 2775 241 2827 Aut
275 2774 458 2841 pecori
495 2774 707 2841 signum
745 2779 839 2829 aut
874 2790 1129 2827 numeros
1165 2774 1423 2841 inpressit
1457 2773 1679 2825 acervis.

121 2850 409 2901 Exacuunt
445 2848 533 2901 alii
567 2850 736 2901 vallos
772 2851 1060 2918 furcasque
1096 2849 1344 2915 bicornis,

122 2925 312 2993 Atque
351 2924 614 2976 Amerina
645 2928 844 2991 parant
879 2927 1062 2979 lentae
1100 2924 1397 2977 retinacula
1428 2925 1544 2977 viti.
1749 2936 1824 2975 2⁶6

122 2998 282 3051 Nunc
315 2998 484 3051 facilis
519 2998 691 3051 rubea
725 3002 948 3053 texatur
983 3001 1171 3053 fiscina
1204 3000 1387 3067 virga;

123 3073 282 3125 Nunc
314 3076 522 3125 torrete
557 3074 670 3141 igni
705 3074 906 3142 fruges,
942 3092 1084 3129 nunc
1112 3073 1349 3142 frangite
1384 3090 1531 3128 saxO.

124 3147 336 3216 Quippe
371 3148 536 3201 etiam
571 3150 726 3203 festis
761 3150 1030 3218 quaedam
1067 3165 1325 3203 exercere
1360 3149 1557 3204 diebus
