2163 3401
171 117 266 163 320
620 115 682 164 P.
707 114 1009 162 VERGlLI
1043 109 1377 160 MARONIS

170 194 293 249 Non
326 196 516 264 pudet,
551 213 584 249 o
621 195 828 262 Rutuli,
863 212 964 263 pro
999 194 1209 248 cunctis
1244 191 1445 247 talibus
1478 210 1642 246 unam

171 270 462 325 Obiectare
499 273 768 325 animam?
805 287 1104 325 numerone
1140 287 1209 323 an
1244 268 1451 322 viribus
1484 269 1647 337 aequi
1798 284 1881 323 zac

169 347 222 400 N
225 364 294 401 on
317 364 505 400 sumus
527 350 542 401 ?
614 349 711 414 En,
733 363 920 401 omnes
945 351 1003 401 et
1029 348 1197 400 Troes
1223 349 1281 400 et
1307 345 1553 399 Arcades
1575 345 1631 397 hi
1658 349 1805 411 sunt,

173 424 486 492 Fatalisque
521 441 728 492 manus,
765 425 974 478 infensa
1009 424 1235 477 Etruria
1272 423 1461 476 Turno.

171 500 282 552 Vix
315 499 544 566 hostem,
583 501 778 554 alterni
815 501 860 554 si
893 500 1327 569 congrediamur,
1365 499 1643 552 habemus.

173 575 275 629 ille
311 576 535 645 quidem
571 577 643 630 ad
679 593 921 645 superos,
959 592 1192 646 quorum
1229 593 1289 629 se
1324 576 1556 629 devovet
1578 575 1706 635 aris,

170 652 440 706 Succedet
475 653 633 717 fama,
671 653 938 723 vivusque
973 670 1074 722 per
1110 669 1207 706 ora
1240 653 1486 718 feretum
1800 667 1881 707 2³5

169 726 298 795 Nos,
335 727 515 796 patria
549 728 762 793 amissa,
802 728 1034 781 dominis
1070 744 1270 797 parere
1307 727 1553 797 superbis

169 805 452 873 Cogemur,
489 806 582 873 qui
619 822 764 858 nunc
796 804 933 857 lenti
965 804 1309 858 consedimus
1342 804 1503 858 arvis.

169 881 389 935 Talibus
424 882 643 935 incensa
677 884 765 934 est
799 881 1056 934 iuvenum
1094 881 1369 935 sententia
1404 879 1567 934 dictis
1706 916 1709 920 -

171 957 291 1011 Iam
315 958 490 1025 magis
513 961 682 1025 atque
708 957 897 1025 magis,
923 957 1204 1026 serpitque
1229 974 1327 1026 per
1352 956 1567 1025 agmina
1591 971 1843 1009 murmur
1855 978 1873 1023 ;

171 1033 286 1101 Ipsi
324 1033 626 1087 Laurentes
661 1034 860 1087 mutati
895 1034 1109 1102 ipsique
1146 1033 1346 1088 Latini.
1797 1046 1875 1085 240

170 1109 274 1172 Qui
311 1108 416 1162 sibi
451 1109 560 1162 iam
595 1109 842 1177 requiem
877 1125 1095 1177 pugnae
1128 1108 1405 1177 rebusque
1440 1108 1671 1162 salutem

169 1183 491 1253 Sperabam,
527 1201 669 1237 nunc
706 1200 858 1237 arma
894 1185 1095 1249 volunt,
1132 1184 1435 1253 foedusque
1468 1186 1767 1252 precantur

171 1261 457 1326 Infectum,
493 1263 551 1313 et
589 1260 757 1313 Turni
793 1263 998 1313 sortem
1034 1262 1370 1314 miserantur
1402 1260 1660 1327 iniquam.

171 1338 276 1391 His
312 1336 464 1391 aliud
497 1337 673 1391 maius
711 1337 946 1390 Iuturna
981 1337 1245 1405 adiungit,
1282 1340 1342 1390 et
1376 1336 1488 1389 alto

170 1414 282 1467 Dat
318 1414 531 1481 signum
565 1413 730 1480 caelo,
767 1430 877 1482 quo
911 1430 1016 1466 non
1053 1413 1395 1482 praesentius
1430 1413 1599 1465 ullum
1800 1428 1875 1466 24⁵

170 1490 437 1544 Tui-bavit
469 1494 682 1544 mentes
721 1489 906 1557 ItalaS,
943 1494 1297 1557 monstroque
1332 1489 1539 1542 fefellit.

171 1566 423 1635 Namque
458 1566 644 1619 volans
681 1566 850 1619 rubra
883 1565 1062 1618 fulvus
1102 1565 1250 1619 Iovis
1285 1564 1399 1618 ales
1434 1565 1490 1617 in
1526 1564 1723 1617 aethra

171 1642 421 1695 Litoreas
457 1642 704 1712 agitabat
739 1658 866 1695 aves
900 1641 1229 1711 turbamque
1266 1645 1545 1694 sonantem

171 1719 425 1786 Agminis
460 1720 682 1787 aligeri:
719 1719 899 1772 subito
935 1735 1056 1772 cum
1094 1719 1277 1788 lapsus
1310 1718 1385 1771 ad
1418 1718 1594 1770 undas

171 1796 409 1864 Cycnum
446 1796 807 1850 excellentem
843 1794 1078 1865 pedibus
1114 1795 1259 1863 rapit
1294 1793 1559 1862 inprobus
1593 1794 1764 1847 uncis,
1796 1809 1873 1846 25⁰

170 1872 451 1924 Arrexere
486 1872 692 1924 animos
731 1871 874 1938 Itali,
909 1875 1245 1939 cunctaeque
1278 1870 1523 1923 volucres

171 1947 510 2000 Convertunt
545 1947 782 1999 clamore
815 1946 1016 2014 fugam,
1051 1945 1302 2000 mirabile
1336 1947 1472 2012 visu,

171 2021 529 2091 Aetheraque
565 2021 859 2075 obscurant
893 2023 1104 2090 pennis,
1142 2022 1466 2090 hostemque
1500 2038 1601 2090 per
1637 2037 1797 2074 auras

171 2099 341 2153 Facta
373 2098 520 2152 nube
555 2101 827 2167 premunt,
867 2097 1038 2152 donec
1071 2099 1127 2152 vi
1164 2099 1341 2152 victus
1376 2101 1435 2151 et
1468 2098 1585 2166 ipso

173 2176 424 2230 Pondere
461 2175 676 2243 defecit,
713 2175 1085 2243 praedamque
1125 2175 1193 2228 e‘x
1230 2174 1501 2242 unguibus
1536 2174 1651 2226 ales
1798 2189 1869 2228 2⁵6

174 2252 411 2306 Proiecit
443 2252 623 2322 fluvio,
659 2252 989 2321 penitusque
1025 2251 1080 2302 in
1117 2250 1302 2304 nubila
1334 2250 1490 2318 fugit.

172 2329 309 2383 Tum
345 2343 474 2381 vero
509 2329 796 2396 augurium
837 2326 1028 2381 Rutuli
1064 2327 1300 2380 clamore
1336 2327 1590 2392 salutant,

172 2404 598 2473 Expediuntque
634 2420 859 2468 mauus3
893 2403 1212 2472 primusque
1249 2402 1564 2455 Tolumnius
1599 2417 1787 2470 augur,

174 2481 296 2534 Hoc
331 2484 464 2547 erat,
503 2479 617 2546 hoc,
654 2480 810 2547 votis,
847 2479 1044 2548 inquit,
1079 2478 1229 2547 quod
1264 2493 1430 2546 saepe
1464 2477 1648 2546 petivi.

174 2557 414 2624 Accipio,
451 2557 832 2625 adgnoscoque
869 2556 1034 2621 deos3
1067 2571 1173 2622 me,
1210 2571 1299 2608 me
1334 2555 1473 2608 duce
1507 2553 1715 2608 ferrum
1798 2567 1867 2608 κα

174 2633 464 2702 Corripite,
502 2649 534 2685 o
570 2633 772 2700 miseri,
809 2648 946 2701 quos
979 2631 1242 2700 inprobus
1276 2630 1486 2685 advena
1520 2628 1663 2683 bello

171 2708 429 2773 Territat‚
467 2708 734 2762 invalidas
770 2711 834 2762 ut
869 2723 1009 2773 aves,
1045 2711 1105 2762 et
1141 2708 1304 2762 litora
1338 2710 1525 2761 vestra

172 2779 247 2836 Vi
282 2782 527 2850 populat.
601 2785 764 2836 Petet
800 2784 893 2837 ille
928 2784 1129 2852 fugam,
1166 2784 1495 2853 penitusque
1530 2781 1803 2851 profundo

175 2854 313 2906 Vela
348 2855 516 2906 dabit.
588 2856 703 2908 Vos
737 2858 979 2910 unanimi
1015 2858 1245 2912 densate
1281 2861 1542 2925 catervas,

171 2923 247 2975 Et
283 2939 469 2986 regem
505 2929 661 2979 vobis
696 2947 878 3002 pugna
915 2931 1203 2984 defendite
1237 2935 1471 3000 raptum.
1797 2945 1867 2986 m

169 2989 343 3055 Dixit,
379 2997 438 3041 et
473 2997 732 3051 adversos
767 3004 938 3055 telum
975 3008 1241 3060 contorsit
1274 3007 1331 3059 in
1366 3008 1541 3061 hostis

171 3058 530 3124 ΡΥΟΟΠΥΥΘΠΒς
567 3073 804 3123 sonitum
841 3076 941 3127 dat
977 3080 1211 3132 stridula
1246 3097 1457 3148 cornus,
1494 3087 1554 3137 et
1586 3099 1753 3137 auras

171 3130 338 3180 Certa
359 3134 522 3182 secat.
593 3139 762 3191 Simul
789 3145 902 3210 hoc,
927 3149 1089 3202 simul
1113 3153 1307 3218 ingens
1330 3156 1551 3221 clamor,
1574 3161 1634 3210 et
1656 3174 1846 3213 omnes
