2163 3401
802 138 1168 187 AENEIDOS
1201 138 1337 187 LIB.
1375 138 1473 187 VI.
1890 138 1984 189 203

282 224 457 275 Laeta
490 220 657 273 deum
689 222 867 287 partu,
904 223 1122 272 eentum
1158 218 1422 287 conplexa
1455 222 1697 289 nepotes,

281 297 475 350 Omnis
507 295 805 361 caelicolas,
838 295 1015 347 omnis
1050 309 1250 362 supera
1283 296 1398 349 alta
1430 296 1683 351 tenentis.

282 373 409 426 Huc
442 371 689 439 geminas
723 387 866 424 nunc
901 370 1061 425 flecte
1095 371 1253 439 acicS,
1288 370 1427 424 hane
1461 372 1644 440 aspice
1676 375 1898 439 gentem

282 448 670 516 Romanosque
704 450 841 501 tuos.
914 447 1024 501 Hic
1062 446 1264 501 Caesar
1297 451 1358 501 et
1392 448 1566 501 omnis
1605 448 1710 503 Iuli

282 524 595 591 Progenies,
629 539 883 590 magnum
918 523 1053 576 caeli
1087 527 1320 577 ventura
1355 523 1456 578 sub
1493 540 1666 578 axem.
1914 537 1986 580 ⁷0⁰

282 598 394 653 Hie
429 599 527 666 vir,
563 598 652 651 hic
685 602 787 665 est,
820 599 925 659 tibi
961 616 1126 667 quem
1161 600 1409 668 promitti
1445 599 1660 669 saepius
1694 600 1866 668 audis,

284 677 574 743 Augustus
612 675 827 743 Caesar,
864 675 989 727 Divi
1023 692 1210 742 genus,
1246 692 1414 729 aurea
1446 676 1644 730 condet

282 751 512 805 Saecula
545 750 641 819 qui
676 768 865 805 rursus
902 752 1061 805 Latio
1098 757 1324 819 regnata
1357 769 1458 821 per
1491 768 1622 806 arva

281 827 521 881 Saturno
556 827 849 895 quondam,
884 844 1059 895 super⁴
1086 830 1144 881 et
1181 828 1538 883 Garamantas
1573 831 1633 881 et
1670 828 1840 881 Indos

282 902 539 957 l’roferet
573 903 871 972 inperium3
904 904 1047 957 iacet
1084 906 1244 957 extra
1279 904 1462 958 sidera
1495 904 1672 973 telluS,
1914 917 1987 960 79⁶

282 979 457 1033 Extra
491 980 619 1033 anni
656 980 897 1048 solisque
930 981 1058 1047 vias,
1094 980 1191 1033 ubi
1225 981 1444 1035 caelifer
1486 981 1644 1049 Atlas

282 1057 466 1109 Axem
502 1056 729 1109 humero
762 1059 989 1124 torquet
1024 1056 1198 1111 stellis
1232 1056 1554 1110 ardentibus
1589 1061 1792 1125 aptum.

281 1132 467 1185 Huius
500 1132 557 1184 in
590 1131 890 1185 adventum
924 1133 1032 1185 iam
1067 1148 1214 1186 nune
1249 1136 1308 1187 et
1343 1132 1540 1201 Caspia
1575 1150 1744 1201 regna

280 1207 581 1275 Responsis
615 1208 843 1262 horrent
877 1208 1058 1261 divom
1095 1212 1154 1263 et
1191 1210 1432 1263 Maeotia
1465 1210 1642 1273 tellus,
1959 1254 1964 1263 ,

281 1284 356 1338 Et
392 1284 807 1351 septemgemini
843 1284 1073 1338 turbant
1107 1285 1329 1355 trepida
1363 1287 1503 1340 ostia
1539 1286 1667 1340 Nili.
1913 1300 1988 1339 eoo

280 1359 332 1412 Ν
336 1376 401 1413 ec
437 1375 568 1412 vero
609 1359 831 1413 Alcides
867 1364 1079 1414 tantum
1117 1360 1332 1414 telluris
1366 1361 1549 1428 obivit,

282 1436 325 1489 F
331 1435 499 1490 ixerit
535 1435 847 1503 aeripedem
882 1453 1098 1490 cervam
1135 1437 1277 1503 licet,
1315 1442 1412 1491 aut
1449 1438 1768 1505 Erymanthi

282 1512 503 1565 I'acarit
535 1528 773 1577 nemora,
810 1515 871 1565 et
908 1512 1139 1567 Lernam
1177 1514 1548 1567 tremefecerit
1584 1530 1740 1579 arcu3

280 1588 332 1641 N
336 1604 415 1653 ec,
452 1587 547 1656 qui
584 1588 883 1655 pampineis
920 1590 1093 1642 vietor
1129 1590 1256 1657 iuga
1289 1589 1468 1643 flectit
1501 1589 1742 1657 habenis,

281 1664 467 1731 Liber,
502 1680 673 1733 agens
704 1664 854 1719 celso
889 1664 1068 1734 Nysae
1105 1666 1176 1720 de
1211 1664 1420 1720 vertice
1455 1665 1624 1733 tigris.
1916 1680 1988 1720 sos

280 1741 356 1795 Et
392 1739 709 1794 dubitamus
743 1742 923 1796 adhuc
958 1743 1219 1796 virtutem
1253 1741 1556 1796 extendere
1591 1742 1767 1810 factis,

281 1820 405 1871 Aut
440 1821 619 1870 metus
660 1818 903 1890 Ausonia
937 1818 1192 1885 prohibet
1227 1819 1524 1872 consistere
1558 1820 1743 1873 terra?

281 1894 417 1959 Quis
452 1893 640 1961 procul
676 1893 767 1946 ille
802 1899 988 1948 autem
1024 1894 1191 1947 ramis
1225 1894 1658 1962 insignis-olivae

280 1971 449 2024 Sacra
482 1971 701 2025 ferens?
738 1971 789 2024 N
794 1987 919 2024 osco
954 1971 1120 2023 erinis
1153 1971 1456 2040 incanaque
1491 1975 1678 2025 menta

282 2047 453 2114 Regis
492 2046 738 2112 Romani,
774 2046 1005 2116 primam
1042 2048 1138 2116 qui
1172 2047 1384 2116 legibus
1419 2047 1612 2102 urbem
1917 2062 1990 2102 810

280 2122 577 2189 Fundabit,
617 2123 851 2178 Curibus
885 2124 1067 2192 parvis
1103 2128 1162 2178 ct
1197 2141 1440 2193 paupere
1475 2130 1624 2178 terra

279 2198 485 2252 Missus
521 2200 575 2252 iu
610 2199 877 2268 inperium
913 2215 1183 2266 magnum.
1255 2200 1356 2253 Cui
1393 2200 1592 2253 deinde
1629 2199 1851 2268 subibit,

218 2296 225 2304 ⁸
280 2275 413 2330 Otia
448 2276 543 2344 qui
581 2280 798 2344 rumpet
834 2277 1041 2343 patriae
1077 2277 1394 2344 residesque
1429 2275 1670 2330 movebit

279 2352 471 2406 Tullus
507 2352 562 2404 in
599 2369 749 2405 arma
784 2353 923 2405 viros
958 2356 1017 2405 et
1052 2353 1160 2406 iam
1197 2352 1425 2406 desueta
1459 2353 1750 2421 triumphis

282 2429 539 2496 Agmina.
614 2427 787 2492 Quem
824 2429 977 2482 iuxta
1012 2429 1263 2496 sequitur
1297 2428 1588 2483 iactantior
1625 2435 1828 2496 AncuS,
1917 2443 1988 2482 815

280 2504 441 2558 Nunc
477 2519 694 2572 quoque
729 2505 837 2558 iam
874 2504 1100 2557 nimium
1141 2505 1388 2572 gaudens
1427 2504 1782 2574 popularibus
1823 2505 1984 2558 auris.

280 2579 382 2634 Vis
418 2583 478 2633 et
514 2580 837 2649 Tarquinios
871 2595 1043 2647 regeS,
1083 2582 1430 2650 animamque
1467 2581 1759 2649 superbam

281 2655 493 2710 Ultoris
532 2655 709 2722 Bruti,
744 2657 1027 2724 fascesque
1062 2656 1254 2710 videre
1289 2659 1573 2725 receptos?

283 2731 533 2786 Consulis
569 2732 837 2800 inperium
874 2731 963 2784 hic
996 2732 1204 2800 primus
1241 2745 1536 2802 saevasque
1571 2747 1791 2786 secures

283 2809 551 2876 Accipiet,
585 2811 853 2876 natosque
884 2810 1045 2876 pater
1078 2825 1219 2862 nova
1254 2807 1397 2862 bella
1431 2808 1698 2862 moventis
1915 2819 1990 2859 sao

283 2883 375 2937 Ad
412 2899 644 2952 poenam
679 2883 904 2952 pulchra
938 2899 1037 2952 pro
1072 2883 1332 2939 libertate
1345 2891 1352 2898 '
1367 2885 1595 2951 vocabit,

284 2959 512 3014 Infelix!
553 2956 867 3028 Utcumque
900 2960 1081 3013 ferent
1118 2977 1184 3014 ea
1218 2961 1366 3015 facta
1399 2962 1649 3026 minores,

284 3033 482 3090 Vincet
517 3053 671 3088 amor
705 3036 915 3102 patriae
951 3034 1286 3103 laudumque
1320 3037 1568 3088 inmensa
1602 3035 1812 3101 cupide.

286 3112 425 3177 Quin
463 3111 663 3165 Decios
700 3112 1017 3178 Drusosque
1051 3111 1238 3177 procul
1275 3125 1604 3176 saevumque
1641 3108 1816 3161 securi

285 3187 488 3257 Aspice
523 3187 860 3254 Torquatum
896 3189 955 3238 ct
989 3185 1318 3238 referentem
1355 3185 1510 3250 signa
1543 3180 1842 3236 Camillum.
1910 3189 1982 3227 sss

2115 3161 2126 3238 ὲ
