2163 3401
607 454 668 503 P.
702 454 1011 503 VERGILI
1045 454 1381 505 MARONIS

548 615 1482 691 AENEIDOS

734 810 970 863 LIBER
1012 808 1286 864 NONUS.

882 983 1079 1011 —ff—

158 1109 355 1170 Amuli
394 1129 461 1167 ea
495 1113 711 1166 diversa
742 1112 963 1180 penitus
999 1112 1130 1165 dum
1165 1118 1323 1181 parte
1356 1116 1638 1182 geruntur,

158 1184 293 1237 Irim
331 1188 403 1242 de
436 1188 586 1242 caelo
621 1188 772 1241 misit
810 1188 1067 1242 Saturnia
1105 1188 1245 1240 Iuno

158 1262 441 1316 Audacem
478 1264 549 1317 ad
588 1264 845 1318 Turnum.
917 1264 1065 1317 Luco
1101 1267 1219 1317 tum
1257 1263 1400 1317 forte
1434 1266 1680 1332 parentis

160 1338 396 1391 Pilumni
433 1339 648 1393 Turnus
684 1344 897 1394 sacrata
931 1339 1072 1393 valle
1110 1338 1353 1393 sedebat.

159 1414 253 1467 Ad
289 1431 453 1483 quem
490 1416 568 1469 sie
603 1432 761 1469 roseo
798 1416 1190 1469 Thaumantias
1227 1431 1322 1469 ore
1357 1415 1539 1469 locuta
1575 1418 1689 1471 est:
1838 1433 1865 1472 6

156 1490 353 1560 Turne,
389 1492 540 1561 quod
574 1492 787 1561 optanti
825 1493 1007 1546 divom
1042 1492 1369 1561 promittere
1403 1509 1564 1546 nemo

157 1567 428 1636 Auderet,
465 1568 732 1622 volvenda
766 1568 900 1635 dies,
936 1585 1021 1635 en,
1059 1567 1249 1621 attulit
1283 1568 1444 1622 ultr0.

156 1645 390 1713 Aeneas,
428 1645 567 1699 urbe
602 1649 661 1699 et
696 1646 855 1699 sociis
890 1648 949 1699 et
984 1644 1158 1698 classe
1194 1643 1401 1712 relicta,

156 1720 385 1790 Sceptra
423 1722 660 1776 Palatini
697 1723 996 1791 sedemque
1031 1722 1174 1790 petit
1211 1720 1467 1774 Euandri.

154 1798 207 1851 N
210 1815 273 1852 ec
309 1799 468 1854 satis:
506 1802 780 1853 extremas
818 1798 1042 1866 Corythi
1078 1798 1392 1866 penetravit
1426 1797 1498 1850 ad
1534 1799 1717 1866 urbes,
1815 1816 1867 1896 io

156 1875 199 1927 Ι
201 1874 542 1942 ydorumque
578 1892 796 1928 manum
832 1874 1088 1928 collectos
1125 1878 1302 1928 armat
1337 1875 1586 1941 agrestis,

154 1951 301 2015 Quid
326 1950 581 2006 dubitas?
608 1969 748 2005 nunc
772 1957 991 2020 tempus
1014 1967 1201 2018 equos,
1229 1967 1370 2004 nunc
1394 1966 1620 2018 poscere
1643 1967 1857 2006 currus.

156 2027 372 2096 Rumpe
407 2044 588 2081 moras
623 2029 797 2081 omnis
832 2032 891 2082 et
926 2027 1152 2080 turbata
1186 2043 1250 2080 ai
1250 2043 1367 2095 ripe
1403 2031 1598 2079 castra.

162 2103 329 2171 Dixit,
366 2107 425 2156 et
460 2103 515 2156 in
552 2104 761 2158 caelum
796 2103 1023 2172 paribus
1059 2119 1120 2156 se
1156 2102 1378 2156 sustulit
1412 2102 1526 2170 alis,

154 2181 557 2249 Ingentemque
592 2180 722 2248 fuga
756 2181 929 2234 secuit
966 2179 1068 2232 sub
1104 2177 1341 2232 nubibus
1376 2194 1577 2232 arcum.
1813 2183 1866 2222 15

158 2256 443 2324 Adgnovit
476 2257 703 2324 iuvenis,
741 2256 1084 2324 duplicisque
1119 2254 1191 2307 ad
1228 2254 1412 2308 sidera.
1443 2254 1654 2322 palmas

155 2332 407 2397 Sustulit,
443 2349 508 2386 ac
542 2333 642 2386 tali
675 2333 974 2400 fugientem
1012 2335 1099 2385 est
1132 2347 1264 2384 voce
1299 2333 1543 2385 secutus:

155 2409 250 2476 Iri,
287 2409 455 2463 decus
491 2410 641 2477 caeli,
680 2409 804 2478 quis
840 2412 897 2462 te
933 2408 1066 2460 mihi
1104 2405 1340 2460 nubibus
1375 2411 1554 2460 actam

153 2485 375 2540 Detulit
408 2486 464 2538 in
500 2487 713 2540 terras?
748 2486 897 2539 unde
930 2484 1067 2538 haec
1101 2487 1216 2538 tam
1253 2483 1400 2537 clara
1433 2486 1665 2552 repente

154 2562 509 2632 Tempestas?
545 2562 787 2616 medium
825 2562 985 2615 video
1020 2559 1304 2614 discedere
1339 2560 1563 2625 caelum,
1813 2574 1866 2614 an

156 2638 511 2707 Palantisque
546 2639 671 2706 polo
708 2638 915 2692 stellas.
990 2635 1202 2704 Sequor
1237 2636 1418 2689 omina
1450 2637 1622 2702 tanta,

156 2714 413 2781 Quisquis
449 2715 503 2766 in
541 2731 693 2766 arma
729 2731 907 2769 vocas.
980 2713 1052 2766 Et
1090 2713 1167 2766 sic
1203 2712 1398 2766 effatus
1434 2711 1508 2765 ad
1541 2711 1746 2766 undam

156 2787 445 2854 Processit,
480 2805 801 2857 summoque
836 2789 1019 2842 hausit
1056 2789 1126 2841 de
1162 2789 1383 2856 gurgite
1420 2787 1684 2857 lymphas,

156 2859 337 2913 Multa
372 2863 506 2914 deos
541 2879 717 2929 orans,
754 2864 1112 2932 oneravitque
1147 2864 1372 2918 aethera
1403 2864 1561 2918 votis,

224 2933 455 3000 Iamque
489 2938 663 2989 omnis
698 2939 905 3007 campis
940 2956 1118 2993 exeret
1106 2939 1214 2992 tus
1249 2940 1366 2994 ibat
1399 2941 1620 3009 apertis,
1813 2951 1866 2991 2⁵

157 3006 324 3058 Πὶνθε
360 3023 454 3073 θφ
436 3024 577 3071 aum,
616 3011 767 3064 dives
802 3014 969 3080 pictai
1004 3015 1173 3068 vestis
1209 3019 1268 3070 et
1303 3017 1451 3080 auri3

256 3095 443 3145 ssapus
475 3081 680 3166 primas
713 3087 870 3154 acies,
904 3092 1181 3156 postrema
1216 3057 1467 3146 coercent

288 3151 459 3205 hidae
491 3155 742 3222 iuvenes;
776 3161 958 3215 medio
995 3163 1110 3216 dux
1145 3169 1362 3234 agmine
1397 3168 1615 3222 'rm-nus
