2163 3401
795 100 1168 149 AENEIDOS
1201 100 1340 151 LIB.
1375 100 1479 152 XI.
1869 104 1954 156 ³07

255 185 545 254 Sanguinis
581 183 674 238 ille
708 200 932 238 vomens
968 182 1113 236 rivos
1147 183 1310 250 cadit,
1351 186 1518 251 atque
1553 188 1834 239 cruentam

254 261 473 316 Mandit
510 261 751 331 humum,
789 260 1136 327 moriensque
1173 275 1270 311 suo
1309 276 1368 311 se
1404 258 1459 311 in
1497 260 1718 316 volnere
1765 267 1961 317 versat.

255 342 390 394 Tum
419 340 605 407 Lirim,
633 339 1013 407 Pagasumque
1037 354 1232 405 super3
1257 353 1484 405 quorum
1511 340 1651 393 alter
1675 340 1912 395 habenas

256 418 495 471 Suffosso
532 417 812 470 revolutus
849 432 991 484 equo
1028 415 1159 467 dum
1196 415 1416 482 colligit,
1455 416 1594 470 alter
1893 432 1961 473 671

256 496 404 549 Dum
443 492 593 547 subit
628 512 691 548 ae
727 495 981 548 dextram
1018 493 1228 548 labenti
1265 494 1444 549 tendit
1479 495 1755 561 inermem,

260 572 597 640 Praecipites
632 576 949 643 pariterque
985 577 1166 627 ruunt.
1241 572 1344 626 His
1380 573 1538 626 addit
1577 576 1894 626 Amastrum

260 651 636 719 Hippotaden,
672 653 1032 720 sequiturque
1066 652 1386 705 incumbens
1423 653 1632 704 eminus
1667 650 1826 703 hasta

259 727 543 795 Tereaque
581 727 1059 796 Harpalycumque
1107 732 1164 781 et
1211 727 1626 795 Demophoonta
1665 725 1963 779 Chromim-

312 840 315 843 ⁴
400 820 507 871 que
532 824 546 868 ;
1895 815 1968 854 cre»

261 880 519 948 Quotque
555 881 754 934 emissa
788 896 953 933 manu
987 881 1255 933 contorsit
1292 880 1498 948 spicula
1533 880 1699 946 virgo,

260 955 365 1009 Tot
406 955 625 1024 Phrygii
662 956 909 1010 cecidere
946 956 1065 1009 viri.
1144 956 1340 1009 Procul
1379 955 1618 1022 Ornytus
1653 953 1822 1007 armis

264 1032 479 1100 Ignotis
516 1036 573 1085 et
608 1048 750 1101 equo
786 1036 1014 1086 venator
1051 1033 1254 1100 Iapyge
1290 1030 1480 1097 fertur,

263 1108 365 1162 Cui
401 1108 561 1177 pellis
595 1108 738 1163 latos
772 1108 1027 1162 humeros
1063 1113 1256 1177 crepta
1291 1108 1518 1161 iuvenco

266 1184 567 1253 Pugnatori
604 1185 796 1253 operit,
834 1188 998 1252 caput
1032 1185 1226 1251 ingens
1260 1185 1371 1238 oris
1407 1183 1590 1239 hiatus
1897 1196 1968 1234 osa

266 1262 338 1315 Et
375 1261 552 1315 malae
586 1264 779 1315 texere
813 1261 928 1329 lupi
965 1276 1089 1313 cum
1124 1261 1384 1315 dentibus
1419 1261 1573 1328 albis,

268 1338 635 1406 Agrestisque
668 1354 861 1390 manus
896 1339 1073 1390 armat
1111 1354 1331 1405 sparus3
1366 1337 1484 1405 ipse
1521 1337 1756 1391 catervis

269 1413 525 1467 Vertitur
558 1413 614 1466 in
650 1412 859 1481 mediiS,
897 1417 956 1466 et
990 1416 1109 1466 toto
1144 1413 1350 1466 vertice
1387 1429 1552 1480 supra
1586 1416 1683 1466 est.

269 1490 435 1542 Hunc
468 1489 565 1542 illa
602 1492 910 1559 exceptum,
945 1505 1126 1557 neque
1162 1489 1304 1542 enim
1340 1488 1495 1541 labor
1540 1488 1756 1557 agmine
1798 1502 1971 1551 verse,

270 1566 504 1632 Traiicit,
544 1570 601 1619 et
636 1582 799 1634 super
835 1565 970 1619 haec
1005 1566 1222 1618 inimico
1259 1568 1480 1634 pectore
1514 1564 1694 1617 fatur:
1899 1577 1972 1615 685

272 1641 430 1695 Silvis
466 1644 537 1707 te,
574 1641 864 1711 Tyrrhene,
898 1641 1045 1695 feras
1080 1641 1293 1710 agitare
1327 1640 1576 1710 putasti?

274 1718 519 1772 Advenit
554 1719 648 1786 qui
683 1723 867 1771 vestra
904 1718 1022 1770 dies
1058 1717 1416 1771 muliebribus
1450 1717 1614 1771 armis

273 1793 461 1847 Verba
492 1794 853 1862 redarguerit.
926 1794 1140 1848 Nomen
1176 1797 1359 1846 tamen
1397 1794 1545 1847 haud
1589 1794 1710 1846 leve
1752 1795 1974 1861 patrum

275 1869 530 1923 Manibus
564 1870 668 1923 hoc
701 1870 923 1936 referes,
960 1870 1073 1923 telo
1109 1869 1368 1923 cecidisse
1406 1870 1678 1924 Camillae.

277 1946 532 1999 Protinus
565 1945 907 2000 Orsilochum
940 1949 999 2000 et
1034 1947 1232 2014 Buten,
1267 1945 1376 1999 duo
1416 1963 1670 1999 maxuma
1707 1945 1977 1999 Teucrum

277 2022 553 2090 Corpora:
593 2021 691 2076 sed
728 2022 909 2075 Buten
946 2039 1197 2075 aversum
1233 2023 1459 2091 cuspide
1494 2023 1617 2076 fixit
1906 2033 1976 2072 oel

276 2097 522 2150 Loricam
556 2097 878 2166 galeamque
914 2098 1071 2164 inter,
1111 2115 1220 2166 qua
1254 2098 1390 2150 colla
1425 2098 1666 2150 sedentis

278 2175 504 2240 Lucent,
540 2178 599 2228 et
633 2174 787 2228 laevo
823 2174 1103 2243 dependet
1137 2190 1326 2242 parma
1361 2173 1599 2238 lacerto;

278 2249 638 2318 Orsilochum,
674 2251 889 2319 fugiens
924 2265 1293 2318 magnumque
1329 2250 1537 2316 agitata
1571 2265 1672 2316 per
1707 2246 1912 2314 orbem,

280 2325 471 2379 Eludit
505 2343 637 2394 gyro
672 2327 917 2395 interior,
955 2327 1314 2395 sequiturque
1351 2327 1704 2393 sequentem;
1911 2337 1982 2376 695

278 2403 419 2456 Tum
454 2403 689 2456 validam
726 2420 935 2472 perque
971 2419 1125 2456 arma
1157 2402 1274 2454 viro
1309 2418 1518 2470 perque
1554 2417 1677 2454 ossa
1711 2399 1960 2464 securim,

283 2479 467 2533 Altior
503 2495 818 2547 exsurgens,
854 2480 1032 2532 oranti
1068 2483 1129 2532 et
1163 2477 1338 2532 multa
1371 2478 1616 2547 precanti

282 2555 670 2622 Congeminat3
705 2555 897 2608 volnus
934 2554 1111 2608 calido
1146 2554 1293 2622 rigat
1329 2571 1424 2607 ora
1459 2552 1699 2608 cerebr0.

283 2630 490 2685 Incidit
523 2630 651 2685 huic
686 2631 978 2700 subitoque
1014 2634 1240 2698 aspectu
1275 2631 1506 2684 territus
1540 2629 1721 2683 haesit

264 2707 753 2777 ‘Appenninicolae
790 2708 1025 2762 bellator
1059 2707 1206 2760 filius
1243 2707 1406 2775 Auni,
1914 2715 1988 2757 ⁷00

286 2783 455 2836 Haud
493 2783 756 2853 Ligurum
793 2788 1090 2851 extremuS,
1129 2783 1261 2836 dum
1297 2783 1488 2836 fallere
1523 2782 1638 2835 fata
1673 2779 1939 2834 sinebant.

287 2859 469 2928 Isque,
506 2860 600 2913 ubi
637 2877 697 2913 se
732 2861 881 2914 nullo
916 2860 1024 2913 iam
1061 2877 1224 2913 eursu
1261 2859 1494 2912 evadere
1529 2873 1744 2925 pugnae

285 2934 455 2987 Posse
490 2951 669 3005 neque
701 2936 997 2989 instantem
1032 2935 1280 3000 reginam
1317 2937 1568 2987 avertere
1603 2933 1792 2999 cernit,

286 3010 525 3064 Consilio
561 3027 781 3064 versare
818 3011 971 3063 dolos
1006 3011 1302 3077 ingressus
1321 3013 1380 3061 et
1416 3011 1553 3073 astu,

287 3086 491 3153 Incipit
527 3086 689 3140 haec:
734 3086 878 3150 Quid
915 3090 1031 3139 tam
1072 3085 1367 3154 egregium,
1402 3084 1448 3135 si
1483 3082 1686 3135 femina
1720 3079 1850 3132 forti
1919 3090 1992 3131 703

286 3162 442 3217 Fidis
476 3163 659 3227 eqqu
696 3161 933 3215 Dimitte
967 3161 1170 3226 fugam,
1208 3162 1267 3213 et
1301 3163 1360 3212 te
1395 3157 1694 3212 comminus
1726 3168 1901 3222 aequo
