2163 3401
697 99 706 138 ζ
738 91 1159 142 GEORGICON
1180 93 1330 144 -LIB.
1362 95 1439 142 11.
1866 95 1929 142 49

225 175 346 230 Hoc
379 173 640 243 pinguem
675 176 735 227 et
767 172 1029 243 placitam
1067 173 1201 229 Paci·
1231 174 1470 228 nutritor
1503 173 1719 228 olivam.
1857 187 1931 227 42⁵

292 251 464 304 Poma.
500 265 733 318 quoque,
769 253 834 302 ut
867 249 1107 318 primum
1139 253 1363 307 truncos
1399 267 1621 306 sensere
1654 249 1888 304 valentis

221 327 298 381 Et
333 327 464 379 viris
501 324 746 380 habuere
761 329 766 336 ‘
783 342 923 392 suas,
961 325 1034 378 ad
1071 326 1257 380 sidera
1290 327 1491 396 raptim

220 403 296 457 Vi
330 403 552 472 propria
587 402 844 458 nituntur
878 403 1108 472 opisque
1144 402 1296 457 haud
1330 403 1520 471 indiga
1552 406 1788 457 nostrae.
1816 411 1825 418 ’

221 479 274 534 N
278 496 341 534 ec
375 481 556 531 minus
594 477 808 532 interea
835 477 959 532 ‘fetu
995 495 1189 532 nemus
1210 493 1383 532 omne
1417 479 1705 548 gravesdt‚

221 555 658 625 Sanguineisque
689 553 902 608 inculta
935 554 1139 609 rubent
1172 555 1393 610 aviaria'
1413 555 1589 609 bacis:
1859 569 1933 610 ἕο

220 633 545 687 Tondentur
580 631 753 700 cytisi,
789 631 982 686 taedas
1018 631 1154 687 silva
1186 632 1310 687 alta
1336 631 1629 696 ministrat,

222 708 640 778 Pascunturque
677 707 832 777 ignes
867 709 1120 762 nocturni
1158 712 1217 763 et
1251 708 1459 763 lumina
1493 707 1756 764 fundunt:

222 784 296 838 Et
329 783 590 838 dubitant
625 784 872 839 homines
907 801 1092 840 serere
1128 790 1297 855 atque
1335 785 1637 855 inpendere
1670 800 1857 846 curam
1870 784 1905 838 ἲ·

222 859 370 926 Quid
406 860 615 914 maiora
651 861 884 931 sequar?
923 861 1117 916 salices
1150 861 1497 932 humilesque
1531 865 1805 931 genestae,

221 939 344 992 Aut
377 937 509 1011 illae
537 939 722 1007 pecori
760 938 1012 992 frondem
1048 942 1147 992 aut
1182 939 1495 1008 paston'bus
1528 936 1751 990 umbras
1859 948 1934 988 4³6

219 1013 520 1080 Sufficiunt,
559 1031 888 1084 saepemque
927 1015 1061 1070 satis
1098 1019 1159 1069 et
1190 1015 1392 1084 pabula
1428 1013 1590 1068 melli.
1738 1025 1743 1029 ·

220 1089 294 1145 Et
326 1090 480 1144 iuvat
515 1091 820 1146 undantem
857 1090 1006 1144 buxo
1039 1095 1292 1160 spectare
1329 1091 1590 1160 Cytorum

219 1165 271 1218 N
273 1167 599 1236 aryciaeque
634 1167 773 1236 picis
809 1167 976 1236 lucos,
1011 1167 1165 1222 iuvat
1200 1185 1331 1222 arva
1366 1167 1553 1221 videre

219 1241 345 1298 Non
379 1243 590 1312 rastris,
623 1243 910 1318 hominum
945 1259 1054 1297 non
1093 1244 1188 1298 ulli
1224 1243 1457 1298 obnoxia
1492 1259 1671 1298 curae.

221 1318 388 1386 Ipsae
425 1318 686 1374 Caucasio
700 1363 706 1369 „
720 1319 940 1374 steriles
975 1320 1034 1373 in
1070 1321 1277 1374 vertice
1312 1321 1495 1389 silvae,
1862 1331 1935 1372 uo

223 1393 374 1457 Quas
408 1395 637 1448 animosi
675 1395 810 1448 Euri
847 1395 1080 1450 adsidue
1116 1396 1487 1466 franguntque
1523 1396 1830 1464 feruntque,

221 1467 375 1523 Dant
410 1469 548 1522 alios
579 1471 720 1524 aliae
757 1471 922 1538 fetus,
959 1471 1097 1525 dant
1132 1471 1271 1525 utile
1310 1471 1519 1538 lignum
1624 1481 1629 1488 ·

223 1544 275 1597 N
279 1545 468 1613 avigiis
503 1546 674 1615 pinos,
713 1546 968 1600 domibus
1003 1547 1341 1614 eedrumque
1379 1561 1773 1615 cupressosque
1785 1566 1801 1613 ;
1884 1545 1887 1550 ’

223 1620 372 1675 Hinc
407 1621 590 1675 radios
627 1621 834 1676 trivere
871 1623 1022 1689 rotis,
1059 1622 1185 1676 hinc
1220 1617 1479 1692 tympana
1512 1621 1777 1692 plaustris

223 1697 534 1767 Agricolae,
571 1704 632 1754 et
665 1697 878 1769 pandas
911 1697 1125 1755 ratibus
1160 1715 1392 1770 posuere
1418 1699 1655 1765 carinas3
1864 1712 1939 1753 us

222 1774 534 1831 viminibus
571 1776 766 1831 salices
797 1777 1083 1845 fecundae,
1121 1776 1408 1830 frondibus
1442 1776 1591 1845 ulmi,

224 1852 306 1905 At
340 1856 552 1920 myrtus
589 1852 786 1908 validis
821 1854 1115 1909 hastilibus
1148 1857 1211 1907 et
1240 1852 1389 1907 bona
1422 1851 1569 1907 bello
1640 1862 1648 1867 ⁴
1692 1863 1697 1869 '

223 1927 436 1981 Cornus
451 1949 465 1993 ;
485 1974 490 1978 .
507 1930 764 1987 Ituraeos
799 1930 918 1985 taxi
953 1933 1288 1999 torquentur
1320 1930 1378 1983 in
1414 1922 1601 1995 aims3

223 2002 277 2057 N
279 2020 342 2058 ec
373 2004 528 2059 tiliae
565 2006 714 2061 leves
749 2012 848 2061 aut
883 2004 1057 2061 toi-no*
1080 2007 1245 2061 rasile
1281 2006 1488 2060 buxum

224 2079 348 2135 Non
384 2081 615 2136 formam
652 2084 926 2153 accipiunt
962 2084 1221 2151 ferroque
1254 2085 1521 2137 eavantur
1554 2087 1744 2149 acut03
1866 2096 1939 2137 ιω

224 2155 277 2209 N
281 2172 344 2210 ec
377 2173 487 2210 non
523 2162 582 2213 et
618 2163 924 2215 torrentem
961 2152 1185 2213 undam‘
1204 2159 1339 2213 levis
1376 2158 1591 2212 innatat
1627 2159 1798 2227 alnus,

223 2232 395 2286 Missa
432 2234 614 2301 Pad03
656 2252 758 2289 nec
794 2251 903 2289 non
942 2240 1000 2291 et
1034 2250 1167 2305 apes
1200 2235 1451 2289 examina
1484 2234 1729 2289 condunt

225 2309 644 2380 corticibusque
681 2312 828 2366 cavis
864 2309 1207 2381 §vitiosaeque
1242 2310 1380 2365 ilicis
1413 2310 1583 2381 alvea
1681 2326 1687 2329 ·

225 2385 372 2449 Quid
407 2388 820 2441 memorandum
857 2403 1036 2459 aeque
1073 2387 1343 2443 Baccheia
1378 2387 1521 2441 dona
1540 2386 1834 2442 tulerunt?

223 2461 473 2516 Bacchus
507 2464 675 2519 etad
710 2465 926 2533 culpam
963 2478 1183 2519 caussas
1220 2463 1404 2519 dedit:
1444 2462 1538 2517 ille
1573 2463 1807 2517 furentis
1863 2474 1937 2519 ω

224 2536 530 2591 Centauros
563 2540 678 2593 leto
717 2540 944 2611 domuit,
985 2542 1375 2610 Rhoetumque
1413 2538 1753 2607 Pholumque

222 2612 301 2667 Et
335 2630 531 2682 magno
571 2615 843 2683 Hylaeum
883 2616 1148 2687 Lapithis·
1169 2616 1387 2671 cratere
1421 2615 1739 2667 minantem.

295 2689 342 2743 Ο
380 2690 687 2745 fortunatos
724 2693 964 2762 nimium,
1003 2710 1103 2749 sua
1138 2694 1185 2747 si
1218 2694 1363 2746 bona
1384 2690 1595 2758 norint,

225 2764 531 2834 Agricolas,
567 2768 780 2838 quibus.
805 2769 938 2837 ipsa,
973 2769 1163 2839 procul
1201 2762 1545 2822 discordibus
1580 2763 1761 2835 armis,

224 2841 434 2899 Fundit
469 2843 636 2899 humo
673 2845 886 2899 facilem
921 2846 1127 2899 victum
1162 2845 1457 2899 iustissima
1492 2844 1683 2899 tellus!
1864 2858 1939 2897 ιω

225 2918 286 2973 Si
320 2936 429 2975 non
463 2922 741 2991 ingentem
774 2917 988 2976 ¹foribus
1024 2918 1221 2977 domus
1257 2922 1373 2976 alta
1410 2920 1660 2993 superbis
1694 2942 1699 2947 ·

225 2996 393 3052 Mane
428 2998 766 3054 salutantum
796 2998 936 3057 *totis
970 2999 1143 3053 vomit
1176 2998 1407 3053 aedibus
1440 2999 1663 3067 undam,
1724 3006 1753 3014 “·

225 3073 348 3129 Nec
381 3074 558 3131 varios
591 3076 806 3132 inhiant
826 3076 1070 3145 ⁸pulchra
1104 3074 1385 3131 testudine
1419 3075 1609 3145 postis,

227 3149 556 3222 Inlusasque
589 3168 723 3207 auro
757 3148 954 3219 vestes,
989 3150 1375 3221 Ephyreiaque
1408 3160 1577 3215 ποι-α’(
