2163 3401
160 81 255 128 234
632 78 693 127 P.
733 78 1041 126 VERGILI
1087 78 1146 125 M
1150 77 1430 125 ARONIS’

160 161 456 214 Servavere
494 159 652 225 diem,
688 160 1007 227 primusque
1047 157 1282 211 Potitius
1319 162 1510 211 auctor

158 236 233 290 Et
268 236 462 289 domus
500 234 759 288 Herculei
794 238 977 287 custos
1016 234 1236 287 Pinaria
1273 235 1424 288 sacri.
1797 254 1880 295 270

162 313 318 381 Hanc
354 327 505 363 aram
539 310 661 364 luco
698 310 907 377 statuit,
944 326 1086 378 quac
1121 310 1384 364 Maxuma
1420 328 1640 380 semper

160 388 387 442 Dicetur
421 387 590 453 nobis,
628 390 685 441 et
721 386 829 439 erit
867 402 1005 454 quae
1041 403 1297 439 maxuma
1331 404 1558 456 semper.

160 465 341 529 Quare
374 464 535 532 agite,
571 481 604 516 o
639 464 875 531 iuveneS‚
913 466 1192 517 tantarum
1230 464 1285 515 in
1321 479 1546 517 munere
1579 464 1812 523 laudum

160 542 379 609 Cingite
412 540 607 593 fronde
642 555 823 593 comas
859 542 916 591 et
950 538 1145 607 pocula
1179 540 1398 607 porgite
1433 539 1646 594 dextris

158 618 619 685 Communemque
648 619 838 669 vocate
870 616 1034 669 deum
1064 620 1123 669 ct
1151 616 1283 669 date
1312 617 1435 669 vina
1463 618 1725 673 volentes.
1795 636 1874 675 275

158 694 413 749 Dixerat:
466 693 739 746 Herculea
773 691 980 745 bicolor
1013 709 1137 745 cum
1171 693 1407 761 populus
1439 694 1636 747 umbra

157 769 485 839 velavitque
520 784 701 823 comas
734 768 987 837 foliisque
1024 769 1225 821 innexa
1261 770 1537 838 pependit,

156 846 227 901 Et
261 864 412 901 sacer
448 846 674 915 inplevit
712 844 964 897 dextram
1002 844 1250 913 scyphus.
1329 846 1494 900 Ocius
1528 859 1726 901 omnes

155 923 223 975 In
258 940 501 978 mensam
538 923 665 976 laeti
702 922 877 974 libant
914 921 1178 990 divosque
1215 926 1518 990 precantur.

222 999 445 1055 Devexo
480 1001 689 1053 interea
722 999 943 1068 propior
980 998 1044 1051 fit
1084 996 1298 1067 Vesper
1319 999 1593 1069 Olympo:
1789 1018 1868 1057 sss

153 1076 383 1145 Iamque
419 1076 731 1130 sacerdotes
768 1076 1084 1144 primusque
1123 1074 1360 1129 Potitius
1394 1075 1562 1144 ibant,

152 1152 393 1207 Pellibus
429 1152 485 1203 in
521 1158 728 1204 morem
766 1151 943 1217 cincti,
978 1151 1333 1221 flammasque
1365 1151 1632 1207 ferebant.

151 1229 470 1283 Instaurant
506 1228 708 1295 epulas,
746 1232 805 1281 et
840 1244 1058 1281 mensae
1095 1231 1256 1295 grata
1295 1228 1564 1282 secundae

150 1304 307 1359 Dona
342 1304 539 1369 ferunt,
576 1304 965 1374 cumulantque
1002 1305 1240 1358 oneratis
1279 1304 1520 1358 lancibus
1557 1322 1698 1361 aras.

149 1382 287 1437 Tum
323 1380 454 1437 Salii
490 1380 561 1435 ad
595 1384 789 1434 cantus
823 1380 1042 1434 incensa
1076 1380 1274 1433 altaria
1309 1381 1510 1434 circum
1782 1400 1860 1439 ns

152 1459 405 1529 Populeis
441 1458 642 1513 adsunt
677 1457 877 1511 evincti
914 1461 1165 1525 tempora
1199 1457 1379 1524 ramis,

151 1536 259 1590 Hic
291 1536 547 1590 iuvenum
583 1534 793 1598 chorus,
828 1533 921 1587 ille
958 1550 1147 1587 senum
1165 1554 1187 1598 ;⁴
1218 1532 1314 1601 qui
1350 1534 1588 1588 carmine
1624 1536 1819 1593 laudes

152 1612 450 1666 Herculeas
486 1615 545 1666 et
579 1612 726 1665 facta
758 1610 974 1666 ferunt:
1010 1613 1077 1663 ut
1112 1610 1288 1678 prima
1323 1626 1587 1664 novercae

147 1687 397 1742 Monstra
430 1705 593 1741 manu
628 1688 983 1756 geminosque
1016 1703 1271 1756 premens
1307 1686 1514 1740 eliserit
1548 1690 1771 1756 anguis;

149 1765 227 1819 Ut
262 1765 405 1819 bello
443 1765 691 1833 egregias
724 1765 874 1819 idem
910 1763 1188 1817 disiecerit
1222 1764 1404 1831 urbes,
1781 1783 1856 1822 no

147 1840 469 1911 Troiamque
508 1841 959 1910 Oechaliamque3
1002 1844 1068 1893 ut
1103 1841 1270 1894 duros
1305 1841 1455 1895 mille
1489 1841 1706 1897 labores

148 1916 299 1984 Rege
336 1918 436 1970 sub
475 1918 797 1986 EurystheO,
837 1917 966 1973 fatis
1006 1917 1232 1971 Iunonis
1269 1917 1501 1986 iniquae,

148 1992 462 2049 Pertulerit.
541 1995 622 2048 Tu
658 1994 975 2062 nubigenas,
1012 1993 1226 2060 invicte,
1265 1993 1599 2063 bimembris,

154 2068 528 2139 Hylaeumque
566 2069 922 2139 Pholumque,
958 2085 1138 2137 manu,
1177 2073 1242 2123 tu
1279 2069 1469 2124 Cresia
1501 2074 1714 2126 mactas

148 2145 403 2214 Prodigia
438 2151 496 2202 et
531 2151 745 2200 vastum
784 2147 834 2200 N
840 2163 1026 2200 emeae
1062 2145 1166 2199 sub
1202 2162 1339 2214 rupe
1373 2146 1600 2201 leonem.
1779 2165 1855 2204 m

144 2223 220 2276 Te
256 2223 430 2293 Stygii
466 2227 745 2278 tremuere
781 2224 944 2290 lacus,
978 2226 1038 2277 te
1072 2223 1275 2278 ianitor
1311 2222 1439 2277 Orci

146 2299 283 2354 Ossa
318 2317 482 2370 super
515 2301 783 2354 recubans
821 2303 979 2354 antro
1016 2300 1248 2354 semiesa
1283 2303 1537 2366 cruentam

144 2376 195 2428 N
198 2393 260 2430 ec
296 2379 355 2430 te
388 2377 533 2430 ullae
568 2376 746 2442 facies,
786 2393 894 2430 non
930 2376 1132 2430 terruit
1167 2378 1285 2445 ipse
1322 2377 1623 2445 Typhoeus,

145 2453 369 2506 Arduus
405 2469 557 2507 arma
591 2456 814 2519 tenens3
852 2469 959 2507 non
996 2458 1055 2507 te
1093 2453 1320 2507 rationis
1357 2456 1610 2522 egentem

146 2529 419 2585 Lernaeus
452 2530 619 2584 turba
654 2531 893 2599 capitum
929 2530 1293 2585 circumstetit
1327 2530 1531 2598 anguis.
1781 2547 1856 2585 ³00

143 2606 316 2675 Salve,
355 2623 484 2660 vera
525 2607 672 2660 Iovis
707 2605 903 2675 proles,
943 2605 1114 2660 decus
1150 2606 1342 2660 addite
1381 2605 1538 2673 divis,

141 2681 215 2734 Et
250 2699 349 2736 nos
385 2687 443 2738 et
476 2686 575 2738 tua
610 2683 808 2736 dexter
843 2683 934 2736 adi
971 2683 1116 2751 pede
1155 2699 1307 2737 sacra
1343 2681 1594 2736 secundo.

141 2756 289 2810 Talia
325 2758 653 2812 carminibus
688 2757 1005 2825 celebrant,
992 2780 1003 2792 ·
1046 2776 1212 2828 super
1248 2760 1429 2813 onmia
1465 2759 1593 2813 Caci

142 2833 461 2909 Speluncam
498 2834 775 2901 adiiciunt,
814 2802 1226 2904 spirantemque
1261 2835 1479 2903 ignibus
1515 2835 1710 2902 ipsum.

140 2905 439 2958 Consonat
443 2921 603 2957 omne
631 2924 824 2960 nemus
860 2911 1113 2977 strepitu,
1143 2910 1422 2978 collesque
1451 2910 1741 2965 resultant.
1779 2928 1854 2968 ωε

208 2976 349 3027 Exin
385 2993 445 3028 se
482 2980 661 3030 cuncti
700 2981 896 3034 divinis
930 2984 1096 3037 rebus
1133 2985 1206 3038 ad
1243 2985 1437 3040 urbem

139 3046 403 3098 Pei-fectis
437 3048 696 3102 referunt.
772 3053 901 3108 Ibat
936 3073 1033 3110 rex
1072 3059 1284 3114 obsitus
1321 3078 1472 3129 aevu,

139 3116 210 3166 Et
244 3118 497 3169 comitem
542 3122 763 3173 Aenean
801 3125 955 3180 iuxta
989 3135 1294 3202 natumque
1326 3103 1558 3194 tenebat
