2163 3401
196 112 295 165 5162·
650 115 710 163 P.
746 114 1053 163 VERGILI
1103 112 1369 161 MARON
1374 112 1438 161 IS
1477 112 1482 119 '

196 194 478 261 Constitit,
514 198 643 247 ante
681 194 867 248 Iovem
905 194 1134 263 supplex
1167 210 1268 262 per
1302 197 1430 246 vota
1461 196 1746 262 precatus:

200 270 453 339 Iuppiter
488 270 842 338 omnipotens,
878 270 1178 323 audacibus
1211 269 1394 322 adnue
1427 269 1649 337 coeptis,
1824 284 1900 322 ⁶25

202 346 223 397 1
230 363 327 414 pse
365 346 470 401 tibi
504 346 577 399 ad
612 350 710 399 tua
744 346 951 415 templa
984 346 1161 399 feram
1198 346 1479 399 sollemnia
1513 345 1672 412 dona,

196 423 271 476 Et
306 426 548 477 statuam
584 426 713 477 ante
748 438 873 475 aras
907 425 1102 475 aurata
1131 422 1317 476 fronte
1351 423 1654 489 iuvencum,

198 499 551 564 Gaudentem,
586 499 907 567 pariterque
941 502 1108 567 caput
1142 514 1266 551 cum
1299 501 1479 551 matre
1513 499 1798 564 ferentem,

198 575 317 630 Iam
354 591 521 629 cornu
554 578 711 645 petat
744 578 805 629 et
837 574 1072 643 pedibus
1109 575 1203 642 qui
1240 576 1464 643 spargat
1495 590 1734 627 arenam.

200 652 396 706 Audiit
432 655 492 705 et
526 651 663 707 caeli
700 651 933 705 Genitor
966 651 1039 704 de
1074 654 1236 719 parte
1273 666 1466 704 serena
1823 664 1900 703 mo

199 728 449 781 Intonuit
482 728 726 790 laevum3
772 729 934 780 sonat
966 743 1077 780 una
1110 726 1298 780 fatifer
1331 742 1504 781 arcus.

201 804 406 872 Effugit
440 803 775 856 horrendum
812 802 1053 856 stridens
1089 802 1331 856 adducta
1365 803 1584 871 sagitta,

200 880 415 949 Perque
451 883 617 947 caput
652 878 869 931 Remuli
905 878 1058 931 venit
1093 880 1154 932 et
1187 894 1320 932 cava
1352 881 1604 947 tempora
1635 878 1784 932 ferro

197 955 435 1009 Traiicit.
508 956 554 1021 Ι,
590 953 773 1008 verbis
806 954 1071 1008 virtutem
1106 954 1295 1008 inlude
1329 954 1610 1023 superbis!

203 1031 295 1085 Bis
318 1031 464 1101 capti
493 1030 737 1097 Phryges
758 1029 893 1083 haec
919 1028 1140 1083 Rutulis
1161 1046 1422 1099 responsa
1452 1030 1759 1084 remittunt.
1825 1045 1900 1084 ess

198 1108 321 1161 Hoc
356 1112 569 1162 tantum
609 1106 907 1171 Ascanius3
948 1106 1142 1160 Teucri
1176 1106 1412 1160 clamore
1447 1110 1752 1175 sequuntur

198 1184 545 1252 Laetitiaque
577 1182 821 1236 fremunt
856 1182 1174 1252 animosque
1209 1181 1282 1235 ad
1319 1182 1501 1236 sidera
1536 1182 1749 1235 tollunt.

199 1259 467 1313 Aetheria
498 1263 619 1313 tum
654 1259 799 1311 forte
832 1258 996 1327 plaga
1026 1259 1260 1312 crinitus
1297 1258 1498 1326 Apollo

198 1336 450 1405 Desuper
486 1336 759 1389 Ausonias
794 1334 939 1388 acies
973 1335 1278 1403 urbemque
1312 1333 1550 1402 videbat,

198 1412 362 1466 Nube
398 1413 610 1479 sedens,
648 1414 816 1479 atque
852 1411 938 1464 his
976 1411 1241 1465 victorem
1279 1410 1504 1464 adfatur
1541 1410 1753 1465 Iulum:
1825 1425 1902 1463 σω

199 1488 383 1543 Macte
418 1505 558 1542 nova
591 1488 812 1555 virtute,
850 1504 1019 1556 puer;
1066 1488 1144 1541 sic
1178 1488 1293 1557 itur
1326 1487 1400 1541 ad
1436 1490 1600 1554 astra„
1941 1483 1946 1489 ’

201 1565 300 1618 Dis
334 1566 522 1634 genite
560 1568 618 1619 et
648 1564 901 1632 geniture
939 1564 1088 1617 deos,
1159 1564 1290 1618 Iure
1327 1564 1509 1617 omnia
1544 1562 1690 1617 bella

200 1642 377 1696 Gente
414 1641 516 1695 sub
555 1640 811 1694 Assaraci
844 1640 960 1693 fato
995 1644 1229 1694 ventura
1265 1640 1538 1706 resident3

200 1718 251 1771 Ν
256 1735 317 1772 ec
351 1722 410 1772 te
446 1718 607 1771 Troia
641 1717 803 1786 capit.
874 1716 1045 1772 Simul
1081 1717 1216 1771 haec
1252 1717 1449 1771 effatus
1482 1715 1556 1770 ab
1589 1717 1704 1768 alto

201 1794 449 1849 Aethere
484 1811 545 1848 se
580 1794 770 1859 mittit,
808 1793 1067 1863 spirantis
1105 1791 1347 1846 dimovet
1381 1808 1557 1859 auras,
1825 1805 1904 1845 ⁶4⁵

200 1870 607 1938 Ascaniumque
642 1869 799 1938 petit.
873 1869 1131 1922 Formam
1169 1873 1286 1923 tum
1321 1869 1560 1923 vertitur
1594 1868 1707 1921 oris

201 1945 511 2014 Antiquum
544 1946 602 1998 in
640 1945 842 1999 Buten.
915 1944 1025 1998 Hic
1060 1944 1342 1998 Dardanio
1379 1943 1655 1999 Anchisae
2128 1993 2129 1998 ,

206 2022 463 2089 Armiger
497 2025 626 2074 ante
661 2021 767 2074 fuit
803 2021 1057 2089 fidusque
1093 2020 1166 2074 ad
1203 2020 1390 2075 limina
1425 2023 1638 2085 custos;

201 2098 340 2151 Tum
374 2097 626 2151 comitem
674 2096 902 2150 Ascanio
936 2103 1098 2165 pater
1131 2095 1365 2151 addidit.
1439 2095 1568 2150 Ibat
1602 2095 1806 2164 Apollo

203 2173 400 2227 Omnia
432 2173 693 2240 longaevo
730 2172 935 2238 similia
972 2171 1271 2240 vocemque
1304 2171 1651 2240 coloremque
1825 2184 1906 2224 oso

204 2252 276 2304 Et
310 2248 474 2302 crinis
510 2247 665 2302 albos'
696 2251 755 2301 et
790 2264 951 2302 saeva
984 2245 1270 2300 sonoribus
1303 2263 1469 2315 arma,

203 2326 393 2394 Atque
427 2325 512 2378 liis
543 2323 832 2377 ardentem
868 2322 1032 2377 dictis
1064 2323 1289 2377 adfatur
1327 2323 1533 2376 Iulum:

204 2401 289 2455 Sit
323 2401 471 2468 satis,
510 2400 742 2467 Aenide,
776 2398 905 2453 telis
940 2399 1145 2468 inpune
1179 2398 1495 2452 Numanum

204 2478 515 2556 oppetiisse
537 2477 691 2542 ²tuis;
737 2477 969 2546 primam
1004 2477 1143 2530 hanc
1179 2476 1284 2530 tibi
1317 2491 1548 2544 magnus
1586 2473 1788 2544 Apollo

207 2555 472 2609 Concedit
506 2552 742 2621 laudem,
780 2558 839 2608 ct
873 2552 1097 2622 paribus
1129 2569 1237 2606 non
1272 2552 1484 2606 invidet
1517 2552 1713 2616 armis;
1743 2619 1750 2622 -
1830 2565 1912 2605 05³

206 2633 405 2685 Uetera
443 2627 618 2698 parce,
656 2645 808 2697 puer,
844 2627 1003 2683 belle.
1074 2628 1164 2682 Sic
1199 2645 1356 2682 orsus
1393 2625 1607 2697 Apollo'

208 2703 457 2758 Mortalis
492 2705 673 2758 medio
708 2709 960 2772 aspectus
996 2720 1246 2758 sermone
1281 2697 1520 2773 reliquit,

208 2779 282 2830 Et
315 2775 503 2845 procul
538 2779 595 2830 in
632 2783 853 2831 tenuem
891 2787 960 2832 ex
996 2780 1166 2833 oculis
1200 2780 1424 2834 evanuit
1459 2795 1664 2834 auram.
2123 2787 2125 2810 ²

213 2849 540 2928 Adgnovere
576 2852 741 2905 deum
776 2870 1029 2921 proceres
1067 2853 1362 2924 divinaque
1397 2854 1513 2909 tela

212 2921 573 3007 Dardanidae,
612 2928 1032 2999 pharetramque
1065 2930 1199 2999 fuga
1233 2947 1455 2984 sensere
1491 2934 1798 2985 sonantem.
1836 2945 1916 2984 um

215 2993 361 3072 Ergo
396 2997 613 3077 {Ufldum
650 3017 867 3068 pugnae
901 3005 1063 3059 dictis
1099 3023 1162 3060 ac
1196 3006 1418 3059 numine
1456 3005 1668 3060 Phoebi

246 3073 522 3142 &smmum
548 3073 867 3142 prohibent;
912 3080 1017 3148 ipsi
1053 3082 1113 3134 in
1149 3073 1452 3135 certamina
1485 3097 1679 3135 rursus

286 3137 542 3207 'medua’
577 3146 891 3217 animasque
920 3151 977 3208 in
1012 3161 1206 3224 aperta
1238 3155 1482 3226 pericula
1517 3156 1768 3212 mittunt.
