2163 3401
806 102 1180 153 AENEIDOS
1213 102 1356 155 LIB.
1393 103 1464 154 X.
1884 104 1976 159 27³

266 183 505 238 Aenea?
540 182 721 249 vigila,
756 186 817 236 et
852 182 989 237 velis
1023 182 1266 237 immitte
1301 183 1572 240 rudentis,
1893 228 1920 249 .

264 262 379 315 Nos
416 276 619 327 sumus,
658 258 859 313 Idaeae
894 276 1049 315 sacro
1087 260 1160 314 de
1195 261 1404 316 vertice
1439 261 1616 331 pinus,
1906 278 1982 319 nu

264 338 315 391 N
318 355 427 391 unc
461 335 640 406 pelagi
678 336 979 405 Nymphae,
1017 337 1206 390 classis
1241 340 1353 390 tua.
1429 337 1688 393 Perfidus
1723 344 1788 394 ut
1822 356 1920 395 nos

268 414 593 483 Praecipitis
627 414 775 466 fen-o
814 412 1055 467 Rutulus
1092 413 1422 483 flammaque
1455 414 1764 483 premebat,

268 491 537 560 Rupimus
571 489 775 543 invitae
811 492 910 543 tua
944 489 1172 555 vincula,
1209 493 1378 559 teque
1413 507 1514 559 per
1547 508 1756 559 aequor

267 567 609 632 Quaerimus.
683 566 843 619 Hanc
878 566 1148 621 Genetrix
1183 566 1378 619 faciem
1415 568 1677 623 miserata
1711 570 1922 635 refecit,

266 646 345 697 Et
378 642 537 697 dedit
573 659 695 696 esse
730 643 879 709 deas,
916 658 1222 709 aevumque
1260 642 1474 710 agitare
1511 644 1613 698 sub
1649 645 1826 699 undis.
1907 660 1980 700 2³⁶

268 723 349 774 At
384 737 525 788 puer
566 718 835 773 Ascanius
870 734 1027 771 muro
1062 718 1336 787 fossisque
1373 722 1626 774 tenetur·

267 796 401 850 Tela
435 797 583 849 inter
617 795 805 849 media
838 799 1009 862 atque
1049 794 1328 848 horrentis
1368 796 1552 850 Marte
1589 797 1828 851 Latinos.

270 872 393 926 Iam
427 872 545 926 loca
578 872 725 925 iussa
770 872 933 925 tenet
986 872 1118 925 forti
1153 872 1462 940 permixtus
1502 873 1733 927 Etrusco

270 950 447 1003 Arcas
482 964 666 1017 eques,
739 948 954 1001 Medias
990 948 1096 1000 illis
1134 964 1408 1015 apponere
1445 952 1670 1018 turmas,

268 1026 357 1079 Ne
392 1026 589 1079 castris
623 1025 868 1093 iungant,
906 1028 1059 1077 certa
1095 1028 1182 1077 est
1217 1024 1494 1077 sententia
1531 1024 1728 1079 Turne.
1909 1040 1982 1079 ω

270 1102 447 1169 Surge
482 1116 601 1170 age,
638 1104 697 1155 et
738 1102 955 1153 Aurora
990 1100 1164 1153 socios
1197 1100 1450 1154 veniente
1487 1101 1665 1154 vocari

272 1178 491 1231 Primus
512 1178 569 1233 in
594 1194 749 1230 arma
768 1176 915 1243 iube,
938 1179 999 1230 et
1020 1176 1258 1244 clipeum
1283 1192 1432 1245 cape,
1459 1194 1624 1246 quem
1647 1177 1806 1233 dedit
1827 1179 1944 1245 ipse

272 1254 547 1308 Invictlun
570 1252 911 1322 Ignipotens,
946 1254 1118 1319 atque
1149 1267 1276 1305 oras
1309 1251 1507 1307 ambiit
1542 1270 1689 1309 aure.

271 1331 531 1384 Crastina
563 1330 674 1396 lux,
712 1346 836 1381 mea
870 1328 916 1381 si
952 1343 1057 1381 non
1091 1327 1258 1381 inrita
1293 1327 1442 1381 dicta
1475 1330 1700 1396 putaris,

272 1406 527 1475 Ingentis
566 1406 809 1459 Rutulae
842 1402 1119 1474 spectabit
1155 1404 1338 1457 caedis
1373 1421 1609 1459 acervos.
1909 1419 1982 1459 245

270 1483 532 1547 Dixerat:
569 1487 629 1537 et
664 1482 865 1535 dextra
900 1480 1190 1533 discedens
1243 1479 1448 1548 inpulit
1483 1480 1668 1547 altam,

272 1559 444 1613 Haud
481 1559 671 1627 ignara.
705 1556 869 1629 modi,
906 1555 1150 1625 puppim.
1224 1555 1392 1623 Fugit
1428 1555 1522 1608 illa
1555 1572 1656 1624 per
1690 1556 1865 1609 undas

272 1634 439 1689 Ocior
474 1638 533 1689 et
567 1634 742 1688 iaculo
777 1637 836 1688 et
870 1637 1065 1687 ventos
1101 1636 1376 1700 aequante
1413 1632 1634 1700 sagitta.

275 1712 419 1766 Inde
452 1713 591 1767 aliae
626 1711 869 1766 celerant
903 1726 1111 1764 cursus.
1183 1709 1384 1777 Stupet
1417 1709 1622 1762 inscius
1656 1711 1772 1778 ipsc

271 1789 408 1842 Tros
448 1787 838 1852 Anchisiades;
874 1788 1081 1840 animos
1116 1789 1304 1840 tamen
1339 1787 1520 1840 omine
1557 1786 1716 1840 tollit.
1912 1801 1982 1839 250

272 1866 413 1919 Tum
446 1865 693 1919 breviter
714 1883 913 1935 supera
933 1865 1260 1933 adspectans
1283 1879 1522 1917 convexa
1556 1866 1842 1932 precatur:

275 1943 441 1995 Alma
473 1957 673 2010 parens
711 1940 882 1994 Idaea
917 1939 1099 2004 deum,
1137 1940 1224 1992 cui
1259 1939 1534 2008 Dindyma
1569 1939 1721 1993 cordi

272 2017 707 2085 Turrigeraeque
742 2015 909 2070 urbes
943 2014 1230 2083 biiugique
1265 2015 1339 2068 ad
1373 2016 1530 2070 frena
1567 2015 1772 2084 leones,

273 2092 356 2146 Tu
391 2093 525 2147 mihi
560 2109 703 2146 nunc
738 2108 955 2161 pugnae
990 2091 1259 2160 princepe,
1299 2095 1362 2144 tu
1398 2093 1508 2146 rite
1544 2093 1884 2161 propinques

275 2169 603 2236 Augurium,
633 2167 1050 2236 Phrygibusque
1075 2167 1226 2219 adsis
1249 2166 1406 2235 pede,
1431 2167 1570 2233 diva,
1598 2168 1852 2221 secundO.
1912 2181 1983 2220 255

272 2244 510 2298 Tantum
544 2244 755 2298 effatus.
829 2243 901 2296 Et
938 2243 1154 2296 interea
1187 2241 1438 2295 revoluta
1473 2241 1670 2295 ruebat

272 2321 497 2374 Matura
531 2320 639 2373 iam
675 2319 797 2374 luce
833 2319 969 2386 dies,
1007 2321 1336 2386 noctemque
1372 2318 1620 2385 fugarat:

273 2395 551 2464 Principio
585 2396 743 2452 sociis
780 2396 965 2462 edicit,
1000 2395 1158 2462 signa
1194 2396 1508 2463 sequantur,

276 2475 467 2541 Atque
500 2473 710 2526 animos
746 2475 942 2540 aptent
980 2471 1160 2538 armis,
1198 2486 1526 2539 pugnaeque
1559 2473 1758 2539 parent
1793 2487 1866 2526 se.

274 2549 507 2618 Iamque
543 2548 600 2601 in
636 2550 935 2616 conspectu
973 2546 1210 2600 Teucros
1245 2546 1416 2599 habet
1452 2550 1510 2600 et
1546 2563 1644 2598 sua
1679 2549 1875 2613 castra„
1913 2560 1983 2597 ωε

273 2625 437 2680 Stans
472 2625 617 2679 celsa
651 2625 706 2677 in
740 2620 931 2693 puppi,
966 2623 1204 2692 clipeum
1241 2639 1363 2675 cum
1400 2621 1604 2675 deinde
1639 2621 1862 2674 sinistra

274 2701 493 2755 Extulit
526 2701 828 2755 ardentem.
902 2699 1209 2754 Clamorem
1245 2698 1318 2752 ad
1355 2697 1538 2751 sidera
1572 2697 1774 2752 tollunt

273 2777 629 2831 Dardanidae
665 2795 699 2831 e
734 2776 936 2840 muris;
972 2792 1098 2844 spes
1131 2775 1326 2828 addita
1361 2774 1592 2828 suscitat
1627 2774 1768 2840 iras;

274 2851 406 2910 Tela
439 2870 604 2907 manu
639 2854 874 2916 iaciunt;
910 2852 1101 2921 quales
1136 2851 1237 2905 sub
1273 2850 1510 2905 nubibus
1545 2850 1683 2906 atris

274 2930 618 2999 Strymoniae
644 2930 782 2983 dant
806 2929 962 2996 signa
984 2943 1164 2996 grues,
1187 2931 1356 2996 atque
1379 2923 1606 2981 aethera
1629 2929 1854 2981 tranant
1907 2937 1984 2978 ιω

275 3006 416 3061 Cum
454 3007 652 3073 sonitu,
689 3005 1017 3072 fugiuntque
1055 3003 1232 3057 Notos
1267 3003 1502 3057 clamore
1539 3001 1794 3057 secundo.

276 3086 359 3138 At
396 3081 602 3136 Rutulo
636 3081 756 3149 regi
793 3079 1132 3147 ducibusque
1167 3096 1234 3132 ea
1266 3078 1407 3132 mira
1439 3077 1617 3134 videri

280 3158 553 3222 Ausoniis,
590 3157 765 3216 donec
799 3170 985 3207 versas
1018 3154 1092 3206 ad
1125 3154 1288 3207 litora.
1321 3154 1522 3222 puppis
