2163 3401
149 89 213 138 42
623 87 682 136 P.
721 86 1030 146 VERGILI
1065 85 1402 138 MAROMS

147 165 399 234 Victima,
434 183 598 235 saepe
633 170 730 232 tuo
767 165 974 236 perfusi
1006 165 1234 238 flumine
1248 235 1256 241 ι
1272 183 1440 235 sacro,

145 244 418 296 Romanos
453 244 526 304 ad
561 243 779 312 templa·
803 243 966 311 deum
1004 243 1213 296 duxere
1249 242 1568 311 triumphos.

146 321 254 374 Hic
289 319 710 381 verudsiduum
746 324 916 388 atque
953 319 1143 372 alienis
1178 313 1454 372 mensibus
1490 320 1707 387 aest-an

145 397 243 457 Bis
276 397 536 464 gravidae
570 396 826 464 pecudeS,
859 395 943 448 bis
977 396 1151 464 pomis
1185 395 1337 448 utilis
1370 395 1545 450 arbos.
1790 412 1863 452 ιω

146 475 228 528 At
261 473 490 528 rabidae
522 474 694 562 tigres
729 471 930 526 absunt
965 476 1024 526 et
1061 488 1223 524 saeva
1257 472 1475 525 leonum

145 551 376 619 Semina,
413 568 513 605 nec
550 550 776 604 miseros
811 548 1006 601 fallunt
1041 549 1256 601 aconita
1289 547 1539 618 legentis,

143 624 260 682 Nec
294 630 439 697 rapit
471 627 745 680 inmensos
779 623 926 677 orbis
961 640 1060 693 per
1095 623 1333 692 humum,
1369 640 1491 693 neq
1482 641 1547 678 ιο
1582 629 1738 710 tanto

145 704 446 773 Squameus
480 704 537 758 in
573 703 774 772 spiram
809 704 993 754 tractu
1027 717 1088 772 se
1123 698 1332 776 colligit
1366 701 1573 770 anguis.

145 781 312 837 Adde
346 785 433 836 tot
469 780 718 849 egregias
754 777 920 830 urbes
956 773 1291 846 operumque
1328 776 1585 844 laborem,
1786 792 1859 832 1⁵5

144 856 248 910 Tot
281 862 543 926 congesta
579 873 741 910 manu
777 854 1087 922 praeruptis
1124 851 1324 922 oppida
1360 851 1520 920 saxis,
1562 852 1567 858 ’

145 932 502 1002 Fluminaque
537 933 789 1001 antiquos
825 929 1258 984 subterlabentia
1292 947 1488 985 muros.

144 1013 234 1062 An
259 1027 424 1078 marc,
449 1009 596 1078 quod
623 1025 799 1076 supra,
825 1023 1139 1073 memorem,
1167 1005 1423 1075 quodque
1448 1006 1623 1060 adluit
1646 1006 1821 1061 infra?

144 1085 326 1149 Anne·
341 1085 489 1140 lacus
524 1089 721 1148 tantos,
758 1087 831 1150 te,
872 1083 996 1135 Lari
1034 1099 1303 1148 maxume,
1342 1089 1522 1151 teque,

141 1161 425 1224 Fluctibus
461 1167 521 1224 et
555 1160 777 1214 fremitu
815 1158 1120 1226 adsurgens
1160 1159 1375 1212 Benace
1410 1159 1654 1213 marino?
1782 1169 1856 1214 1⁶0

142 1240 234 1290 An
270 1253 566 1301 memorem
601 1241 794 1306 portus
832 1235 1176 1302 Lucrinoque
1213 1234 1406 1287 addita
1440 1235 1673 1291 claustra

141 1316 330 1383 Atque
364 1313 707 1382 indignatum
743 1311 953 1379 maguis
997 1311 1322 1366 stridoribus
1357 1327 1575 1379 aequor,

140 1389 280 1443 Iulia
315 1407 422 1460 qua
457 1395 624 1459 ponto
660 1389 821 1457 louge
859 1392 1017 1441 sonat
1052 1387 1200 1440 unda
1235 1388 1416 1440 refuso

139 1466 557 1536 Tyrrhenusque
592 1466 750 1521 fretis
783 1464 1083 1518 inmittitur
1120 1467 1306 1518 aestus
1346 1464 1620 1519 Avernis?

136 1541 297 1608 Haec
329 1543 528 1608 eadem,
560 1543 774 1611 argenti
813 1541 956 1596 rivos
994 1541 1247 1609 aerisque
1281 1540 1504 1594 metalla
1780 1561 1853 1596 ιω

137 1618 400 1674 Ostendit
433 1621 600 1686 venis,
637 1624 804 1688 atque
841 1634 974 1671 auro
1010 1616 1245 1686 plurima
1279 1616 1452 1672 fluxit.

141 1695 293 1750 llaec
326 1714 499 1764 genus
535 1713 660 1750 acre
697 1696 890 1761 virum,
930 1695 1158 1761 Marsos,
1199 1691 1511 1763 pubemque
1547 1693 1833 1762 Sabellam,'

141 1772 559 1841 Adsuetumque
595 1772 736 1826 malo
776 1771 1048 1839 Ligurem,
1091 1769 1425 1840 Volscosque
1461 1775 1678 1825 verutos

141 1848 367 1914 Extulit,
401 1848 533 1902 hacc
570 1848 779 1914 Decios,
818 1844 1036 1913 Marios,‘
1074 1863 1406 1915 magnosque
1443 1846 1709 1916 Camillos,

139 1923 416 1992 Scipiadas
453 1924 619 1977 duros
654 1924 812 1985 bello,
848 1928 908 1978 et
944 1928 1016 1993 te,
1052 1939 1305 1977 maxume
1342 1923 1557 1990 Caesar,
1780 1934 1855 1977 170

140 2000 245 2064 Qui
278 2017 420 2053 nunc
454 2001 714 2054 extremis
751 2001 920 2055 Asiae
953 2001 1060 2054 iam
1098 2001 1268 2053 victor
1304 2000 1359 2052 in
1394 2000 1503 2053 oris

142 2076 408 2130 Inbellem
444 2077 647 2130 avertis
684 2076 941 2130 Romanis
975 2076 1190 2130 arcibus
1228 2075 1447 2130 Indum.

140 2154 313 2219 Salve,
352 2169 548 2221 magna
582 2169 782 2223 parcns
815 2152 1050 2221 frugum,
1090 2152 1343 2205 Saturnia
1377 2152 1555 2222 tellus,

139 2229 341 2297 Magna
375 2230 579 2297 virum;
613 2229 714 2284 tibi
749 2245 838 2283 res
875 2229 1136 2298 antiquae
1175 2228 1353 2282 laudis
1388 2233 1447 2283 et
1480 2230 1614 2284 artis

131 2305 441 2373 -Ingredior,
479 2311 694 2362 sanctos
732 2322 895 2359 ausus
931 2306 1217 2360 recludere
1254 2306 1434 2374 fontiS,
1772 2320 1845 2363 175

140 2382 547 2452 Ascraeumque
585 2400 716 2437 cano
757 2383 1000 2439 Romana
1036 2402 1137 2453 per
1176 2383 1375 2453 oppida
1410 2401 1637 2439 carmen.

207 2459 255 2511 N
262 2476 366 2521 unc
401 2459 546 2512 locus
582 2476 832 2513 arvorum
870 2460 1110 2527 ingeniis,
1150 2478 1289 2530 quae
1326 2460 1524 2513 robora
1558 2460 1769 2528 cuique,

139 2535 267 2599 Quis
302 2535 463 2604 color,
499 2539 558 2590 et
593 2553 734 2606 quae
769 2536 842 2589 sit
879 2536 1044 2591 rebus
1079 2542 1279 2591 natura
1315 2535 1566 2590 ferendis.

137 2611 391 2666 Difficiles
425 2614 660 2681 primum
695 2616 878 2667 terrae
916 2614 1189 2683 collesque
1224 2612 1459 2680 maligni,

135 2687 331 2751 Tenuis
365 2690 461 2743 ubi
495 2692 686 2760 argilla
721 2694 779 2745 et
816 2689 1056 2743 dumosis
1094 2690 1329 2744 calculus
1365 2688 1523 2755 arvis,
1773 2704 1850 2745 ιω

139 2764 381 2818 Palladia
413 2768 656 2832 gaudent
692 2768 824 2820 silva
857 2768 1054 2821 vivacis
1091 2767 1280 2821 olivae.

137 2839 344 2893 Indicio
380 2844 466 2893 est
501 2846 683 2896 tractu
718 2859 944 2909 surgens
983 2844 1220 2897 oleaster
1254 2840 1451 2895 eodem

137 2915 408 2968 Plurimus
442 2919 501 2969 et
537 2919 696 2971 strati
731 2917 880 2970 bacis
918 2918 1255 2973 silvestribus
1290 2917 1423 2985 agri.

135 2991 218 3043 At
253 3007 393 3059 quae
428 2994 642 3060 pinguis
677 2993 876 3046 humus
910 2995 1163 3065 dulcique
1199 2994 1402 3063 uligine
1436 2993 1600 3061 laeta,

125 3062 368 3134 Quique·
385 3068 646 3135 frequens
681 3067 863 3123 herbis
899 3071 959 3123 et
991 3072 1188 3126 fertilis
1221 3072 1392 3125 ubere
1426 3086 1714 3138 campus-
1776 3086 1850 3125 18⁵

136 3139 371 3204 Qualem·
399 3158 561 3211 saepe
595 3159 728 3198 cava
761 3148 961 3220 montis
996 3148 1238 3202 convassc
1275 3146 1511 3201 solemus
