2163 3401
699 417 758 466 P.
796 416 1109 467 VERGILI
1143 416 1477 468 MARONIS

620 582 1573 659 AENEIDOS

784 772 1019 826 LIBER
1058 770 1410 838 QUINTUS.

993 930 1199 963 -4—

247 1044 503 1104 IwrnnnA
537 1050 778 1105 medium
817 1054 1036 1107 Aeneas
1070 1054 1181 1107 iam
1215 1052 1388 1107 classe
1424 1050 1650 1105 tenebat

245 1125 442 1179 Certus
476 1126 598 1192 iter,
635 1126 940 1196 fluctusque
973 1133 1125 1183 atros
1160 1128 1413 1196 aquilone
1450 1126 1685 1195 secabat,

243 1200 461 1255 Moenia
495 1203 803 1272 respiciens,
838 1220 984 1272 quae
1018 1205 1127 1258 iam
1163 1203 1389 1257 infelicis
1428 1202 1637 1256 Elissae

243 1278 540 1333 Conlucent
576 1279 820 1335 flammis.
897 1280 1048 1344 Quae
1086 1284 1303 1334 tantum
1340 1279 1655 1334 accenderit
1690 1283 1893 1351 ignem,

243 1355 448 1411 Caussa
481 1356 648 1421 latet3
683 1356 805 1411 duri
841 1373 1039 1424 magno
1075 1355 1177 1411 sed
1210 1372 1396 1411 amore
1434 1355 1651 1411 dolores
1924 1372 1947 1411 ε

243 1430 472 1499 Polluto,
509 1435 822 1502 notumque,
855 1432 1044 1486 furens
1081 1432 1215 1501 quid
1249 1431 1451 1485 femina
1485 1434 1675 1501 possit,

241 1507 421 1563 Triste
455 1526 555 1578 per
589 1509 874 1577 augurium
914 1509 1246 1563 Teucrorum
1283 1513 1505 1577 pectora
1540 1508 1764 1564 ducunt.

309 1585 391 1639 Ut
424 1586 647 1653 pelagus
682 1590 911 1640 tenuere
945 1590 1109 1653 rates,
1146 1602 1247 1639 nec
1281 1586 1389 1638 iam
1426 1584 1658 1653 amplius
1692 1586 1808 1640 ulla

241 1660 495 1716 Occurrit
530 1664 704 1731 tellus,
742 1664 915 1718 maria
949 1662 1193 1733 undique
1230 1666 1288 1717 et
1322 1662 1567 1732 undique
1602 1661 1831 1731 caelum,

240 1739 347 1792 Olli
382 1740 661 1796 caeruleus
697 1759 863 1809 supra
897 1745 1065 1810 caput
1104 1739 1325 1794 adstitit
1360 1738 1550 1803 imber,
1895 1751 1942 1791 ιο

239 1815 470 1870 Noctem
508 1817 849 1886 hiememque
886 1818 1083 1883 ferens,
1112 1820 1171 1872 et
1201 1815 1473 1870 inhorruit
1507 1815 1655 1868 unda
1689 1814 1942 1870 tenebris.

240 1892 369 1961 Ipse
402 1893 737 1961 gubernator
770 1893 938 1962 puppi
977 1893 1267 1946 Palinurus
1302 1891 1372 1945 ab
1412 1891 1550 1946 alta:

240 1968 396 2023 Heu!
435 1970 687 2038 quianam
724 1970 864 2024 tanti
900 1970 1189 2023 cinxerunt
1224 1969 1451 2022 aethera
1484 1967 1693 2022 nimbi?
2090 2015 2092 2037 ,

239 2044 463 2112 Quidve,
498 2050 659 2115 pater
693 2047 965 2116 Neptune,
1000 2048 1193 2115 paras?
1266 2045 1355 2100 Sic
1390 2045 1591 2100 deinde
1626 2044 1839 2098 locutus
2088 2055 2091 2086 ¹

239 2121 507 2190 Colligere
541 2139 694 2176 arma
727 2122 882 2178 iubet
916 2123 1221 2192 validisque
1255 2121 1571 2176 incumbere
1607 2121 1790 2182 remis,
1902 2130 1945 2170 15
2086 2103 2089 2136 ¹

239 2197 610 2268 Obliquatque
645 2199 792 2254 sinus
826 2201 882 2253 in
920 2204 1161 2267 ventum,
1196 2215 1260 2252 ac
1294 2199 1427 2253 talia
1463 2199 1639 2255 fatur:
1698 2253 1705 2260 ,

237 2274 582 2342 Magnanimo
623 2278 828 2344 Aenea,
865 2294 986 2341 non,
1021 2277 1067 2330 si
1108 2276 1238 2331 mihi
1277 2275 1531 2344 Iuppiter
1567 2277 1757 2330 auctor

237 2351 530 2418 spondeat,
565 2352 666 2406 hoc
702 2369 917 2421 sperem
954 2353 1173 2408 Italiam
1212 2352 1527 2420 contingere
1565 2350 1731 2404 caelo

236 2427 439 2482 Mutati
473 2432 784 2482 transversa
819 2429 1061 2484 fremunt
1099 2434 1157 2482 et
1194 2446 1423 2497 vespere
1465 2427 1537 2481 ab
1572 2430 1695 2480 atro

235 2503 582 2571 Consurgunt
618 2506 782 2570 venti,
819 2510 988 2574 atque
1024 2506 1080 2558 in
1118 2504 1316 2560 nubem
1353 2504 1569 2573 cogitur
1604 2520 1710 2556 aer.
1908 2511 1949 2550 w

235 2579 286 2632 N
289 2597 352 2634 ec
387 2598 484 2634 nos
521 2581 693 2634 obniti
727 2587 933 2649 contra,
969 2599 1069 2635 uec
1106 2581 1339 2636 tendere
1382 2585 1600 2634 tantum

235 2655 550 2710 sufficimus
621 2660 858 2725 Superat
892 2659 1146 2727 quoniam
1186 2658 1443 2723 Fortuna,
1484 2669 1797 2724 sequamur,

237 2731 463 2798 Quoque
497 2738 667 2798 vocat,
703 2739 980 2788 vertamus
1013 2734 1135 2788 iter.
1210 2733 1260 2786 N
1264 2751 1327 2788 ec
1361 2733 1526 2786 litora
1562 2731 1719 2798 longe

237 2804 374 2857 Fida
409 2822 533 2858 reor
566 2807 812 2862 fraterna
849 2810 1040 2879 Erycis
1072 2814 1378 2879 portusque
1414 2809 1654 2875 Sicanos,

237 2878 294 2929 Si
328 2881 489 2932 modo
523 2882 628 2934 rite
665 2901 871 2938 memor
907 2891 1125 2938 servata
1160 2886 1420 2939 remetior
1456 2888 1621 2938 astra.
1905 2897 1945 2936 κ

237 2952 372 3006 Tum
409 2956 526 3021 rius
565 2959 806 3013 Aeneas:
844 2961 1119 3029 Equidem
1157 2961 1234 3015 sic
1270 2976 1498 3030 poscere
1533 2961 1730 3013 ventos

239 3026 565 3082 Iamdudum
602 3036 660 3083 et
694 3033 900 3088 frustra
935 3053 1097 3090 cerno
1134 3041 1194 3091 te
1231 3037 1462 3091 tendere
1497 3039 1712 3090 contra.

238 3100 424 3156 Flecte
460 3105 596 3156 viam
632 3107 779 3162 veliS.
848 3112 939 3164 An
976 3113 1049 3166 sit
1084 3113 1218 3166 mihi
1251 3113 1461 3182 gratior
1494 3111 1623 3168 ulla.
