2163 3401
229 108 326 160 240
697 113 754 161 P.
793 113 1102 163 VERGILI
1135 114 1464 163 MARONIS

229 191 450 246 Invidet
483 192 754 260 inperium
792 210 1054 262 seraeque
1091 195 1165 249 ad
1197 195 1360 249 fortia
1393 198 1549 250 vires.

229 268 436 322 Natum
472 268 807 337 exhortarer,
842 272 896 323 ni
934 271 1141 325 mixtus
1176 276 1353 327 matre
1390 272 1604 327 Sabella
1860 290 1934 331 51⁰

230 346 377 399 Hinc
413 352 625 415 partem
664 348 874 415 patriae
910 347 1174 402 traheret.
1247 348 1343 417 Tu,
1379 350 1529 403 cuius
1565 353 1625 403 et
1659 351 1824 405 annis

230 423 304 475 Et
337 424 524 491 generi
560 423 674 477 fata
708 423 1010 492 indulgent,
1045 441 1212 493 quem
1247 426 1470 479 numina
1503 431 1755 495 poscunt,

232 500 543 568 Ingredere,
580 516 612 552 o
646 499 915 553 Teucrum
949 504 1117 569 atque
1149 501 1353 555 Italum
1387 502 1685 555 fortissime
1715 503 1931 559 ductor.

232 576 391 630 Hunc
428 576 531 629 tibi
566 580 866 645 praeterea,
906 594 1030 645 spes
1066 580 1126 630 et
1164 577 1355 631 solatia
1389 578 1578 645 nostri,

230 653 475 707 Pallanta
510 653 833 721 adiungam3
868 655 971 707 sub
1007 657 1066 707 te
1100 653 1339 708 tolerare
1373 655 1638 722 magistro
1861 670 1934 711 515

228 729 483 783 Militiam
518 733 577 784 et
611 746 778 797 grave
816 729 1013 783 Martis
1050 747 1202 798 opuS,
1237 734 1336 783 tua
1371 746 1594 783 cernere
1627 730 1780 785 facta

229 806 552 873 Adsuescat‚
590 807 781 875 primis
818 809 875 860 et
910 810 969 860 te
1004 807 1238 860 miretur
1271 806 1342 859 ab
1377 806 1547 860 annis,

230 883 475 937 Arcadas
508 883 635 937 huic
670 884 885 952 equites
921 882 1007 935 bis
1042 885 1279 950 centum,
1315 882 1514 935 robora
1549 881 1712 951 pubis

229 958 411 1027 Lecta,
450 959 605 1027 dabo,
644 958 989 1026 totidemque
1024 976 1122 1012 suo
1157 959 1258 1012 tibi
1292 959 1509 1013 nomine
1547 958 1743 1013 Pallas·

296 1036 406 1089 Vix
443 1054 507 1089 ea
541 1036 687 1089 fatus
722 1038 875 1089 erat:
927 1035 1203 1105 defixique
1239 1052 1336 1089 ora
1369 1034 1636 1089 tenebant
1861 1050 1935 1091 620

234 1108 451 1167 Aeneas
483 1110 843 1165 Anchisiades
879 1115 937 1165 et
974 1111 1117 1164 fidus
1155 1112 1427 1177 Achates3

230 1188 515 1255 Multaque
551 1188 689 1240 dura
726 1204 823 1240 suo
860 1188 1008 1249 tristi
1044 1204 1169 1241 cum
1205 1188 1374 1242 cordo
1405 1188 1692 1256 putabant,

228 1264 301 1317 Ni
336 1264 551 1331 signum
589 1264 739 1317 caelo
777 1263 1048 1333 Cytherea
1086 1264 1334 1317 dedisset
1369 1267 1578 1331 aperto„

228 1340 479 1409 Namque
515 1340 789 1409 inproviso
825 1340 1070 1395 vibratus
1107 1341 1176 1394 ab
1212 1342 1436 1395 aethere
1471 1340 1650 1407 fulgor

229 1416 367 1471 Cum
403 1417 581 1470 sonitu
617 1418 781 1485 venit,
817 1420 875 1471 et
910 1435 1071 1471 ruere
1108 1419 1288 1470 omnia
1323 1417 1439 1470 visa
1473 1418 1718 1485 repente,
1859 1431 1934 1469 625

229 1494 645 1562 Tyrrhenusque
680 1494 849 1556 tubae
886 1495 1098 1562 mugire
1134 1510 1234 1562 per
1270 1493 1496 1547 aethera
1529 1492 1766 1560 clangor.

228 1570 567 1639 Suspiciunt3
596 1572 797 1625 iterum
822 1575 991 1640 atque
1014 1571 1216 1624 iterum
1242 1570 1428 1638 fragor
1449 1570 1696 1637 increpat
1719 1568 1930 1637 ingens.

230 1647 405 1700 Arma
438 1647 583 1702 inter
619 1647 819 1700 nubem
856 1647 990 1700 caeli
1027 1646 1083 1699 in
1120 1647 1342 1716 regione
1380 1661 1573 1699 serena

230 1724 338 1777 Per
372 1724 568 1778 sudum
607 1724 834 1777 rutilare
870 1724 1061 1777 vident
1097 1729 1156 1777 et
1191 1724 1350 1792 pulsa
1384 1727 1590 1776 tonare.

229 1799 557 1869 Obstipuere
593 1801 785 1854 animis
822 1801 941 1865 alii3
988 1800 1089 1854 sed
1127 1800 1317 1854 Troius
1352 1799 1512 1852 heros
1861 1813 1935 1852 ⁵³⁰

230 1877 510 1944 Adgnovit
546 1878 782 1931 sonitum
820 1881 878 1931 et
914 1878 1072 1930 divae
1109 1877 1374 1945 promissa
1407 1874 1668 1943 parentis.

229 1952 364 2005 Tum
400 1958 693 2008 memorat:
746 1955 797 2006 N
802 1971 831 2006 e
867 1969 1011 2021 vere,
1054 1954 1267 2021 hospes,
1305 1968 1376 2005 ne
1414 1965 1620 2020 quaere
1666 1950 1932 2018 profecte,

230 2029 404 2093 Quem
440 2046 623 2082 casum
658 2034 916 2098 portenta
951 2031 1159 2083 ferant:
1206 2045 1308 2098 ego
1343 2043 1539 2103 pgscor
1574 2024 1822 2104 Qymp-o.

232 2105 353 2158 Hoc
388 2105 601 2174 signum
638 2107 833 2160 cecinit
869 2106 1157 2159 missuram
1195 2105 1322 2158 diva
1357 2103 1609 2170 creatrix,

229 2181 285 2235 Si
321 2181 525 2236 bellum
560 2183 858 2250 ingrueret,
895 2181 1268 2249 Volcaniaque
1305 2195 1458 2233 arma
1492 2195 1593 2248 per
1628 2193 1793 2231 auras
1863 2193 1938 2232 aas

230 2258 491 2312 Laturam
528 2258 741 2312 auxilio.

233 2334 360 2388 Heu
395 2343 631 2405 quantae
666 2335 877 2388 miseris
913 2333 1111 2387 caedes
1149 2333 1515 2387 Laurentibus
1550 2333 1790 2386 instant!

232 2411 377 2475 Quas
400 2427 602 2480 poenas
626 2411 773 2478 mihi,
798 2411 994 2476 Turne,
1020 2409 1209 2464 dabis!
1239 2425 1401 2476 quain
1427 2407 1602 2461 multa
1625 2407 1730 2460 sub
1755 2408 1938 2462 undas

231 2487 397 2542 Scuta
431 2488 606 2541 virum
642 2487 935 2555 galeasque
970 2490 1029 2539 et
1064 2485 1230 2539 fortia
1264 2501 1489 2554 corpora
1525 2484 1722 2551 volves,

230 2565 431 2633 Thybri
466 2568 651 2634 pater!
709 2563 944 2617 Poscant
982 2563 1140 2625 acies,
1178 2566 1236 2616 et
1272 2562 1494 2616 foedera
1530 2562 1824 2629 rumpant!
1863 2575 1937 2614 εω

302 2642 455 2695 Haec
490 2640 584 2694 ubi
622 2641 771 2694 dicta
806 2639 973 2704 dedit,
1012 2640 1146 2693 solio
1184 2657 1243 2693 se
1278 2638 1423 2692 tollit
1457 2638 1528 2691 ab
1565 2635 1708 2700 alto;

238 2720 305 2770 Et
340 2718 574 2784 primum
618 2716 902 2770 Herculeis
938 2716 1144 2784 sopitas
1179 2715 1394 2784 ignibus
1429 2729 1552 2768 aras

232 2791 463 2854 Excitat,
499 2791 925 2861 hesternumque
964 2791 1162 2845 Larem
1199 2807 1502 2860 parvosque
1541 2790 1772 2846 Penatis

234 2863 435 2914 Laetus
470 2864 615 2928 adit3
663 2870 903 2921 mactant
938 2869 1112 2922 lectas
1148 2870 1219 2922 de
1255 2885 1405 2922 more
1439 2866 1680 2921 bidentis

238 2937 521 2989 Euandrus
557 2943 776 3005 pariter,
814 2945 1021 3010 pariter
1056 2947 1289 3000 Troiana
1325 2946 1590 3000 iuventus.
1867 2958 1937 3000 64⁵

236 3011 367 3061 Post
402 3010 527 3063 hinc
560 3014 633 3065 ad
666 3019 817 3070 navis
851 3021 1119 3086 graditur,
1159 3023 1438 3092 sociosque
1473 3022 1694 3085 revisit;

236 3083 475 3178 (Quorum
512 3085 582 3170 de
618 3105 854 3154 numere,
892 3098 986 3162 qui
1020 3115 1140 3152 sese
1177 3101 1233 3152 in
1269 3099 1418 3152 bella
1452 3100 1774 3166 sequautur,

284 3159 570 3210 raestantis
616 3163 821 3218 virtute
856 3166 1019 3234 legit3
1056 3185 1185 3238 pars
1222 3177 1407 3227 cetera
1441 3189 1616 3240 prona
