2163 3401
164 88 259 136 242
650 88 709 137 Ρ.
734 88 1049 137 VERGILL
1074 89 1336 137 MARON
1343 89 1410 138 IS

165 166 355 232 Qualis
388 164 485 219 ubi
522 165 727 221 Oceani
762 168 1019 237 perfusus
1056 168 1278 222 Lucifer
1312 168 1476 236 unda,

164 242 339 307 Quem
376 242 565 297 Venus
600 248 731 299 ante
766 244 903 297 alios
936 248 1215 299 astrorum
1251 244 1436 313 diligit
1471 244 1629 313 ignis,
1813 259 1883 300 εκ

163 318 381 374 Extulit
415 336 476 373 os
513 337 727 375 sacrum
762 320 913 375 caelo
939 319 1320 389 ‚tenebrasque
1358 321 1594 375 resolvit.

162 395 328 450 Stant
362 396 596 465 pavidae
630 398 688 449 in
723 397 895 451 muris
930 401 1153 465 matres,
1191 397 1472 467 oculisque
1507 401 1820 467 sequuntur

163 471 490 527 Pulveream
526 473 729 528 nubem
766 478 824 527 et
859 472 1126 541 fulgentis
1160 490 1292 527 aere
1328 477 1593 528 catervas,

162 547 270 602 Olli
306 566 407 618 per
441 549 651 616 dumos,
688 566 799 618 qua
833 566 1101 618 proxuma
1133 553 1284 604 meta
1317 549 1546 616 viarum,

162 626 382 679 Armati
418 626 687 692 tendunt3
735 625 782 680 it
816 626 1033 693 clamor,
1068 629 1128 679 et
1163 626 1382 693 agmine
1409 625 1562 680 -facto
1803 643 1874 682 ωε

162 700 632 770 Quadrupedante
667 706 888 771 putrem
926 701 1108 757 sonitu
1143 702 1328 770 quatit
1362 702 1568 769 ungula
1601 718 1874 771 campum.

162 777 263 831 Est
299 778 489 846 ingens
523 777 769 846 gelidum
804 778 959 833 lucus
992 794 1166 847 prope
1204 778 1440 831 Caeritis
1473 794 1710 845 amnem,

161 852 450 922 Religione
484 858 706 923 patrum
741 854 857 909 late
892 871 1073 919 sacer3
1108 853 1354 922 undique
1387 852 1553 907 colles

162 929 439 984 inclusere
474 931 593 984 cavi
632 934 691 985 et
726 931 883 998 nigra
916 946 1112 984 nemus
1146 930 1332 984 abiete
1367 930 1552 997 cingit.

160 1004 378 1059 Silvano
413 1006 558 1060 fama
594 1010 681 1061 est
714 1006 920 1060 veteris
956 1022 1201 1061 sacrasse
1239 1005 1514 1075 Pelasgos,
1793 1020 1870 1060 eoo

165 1084 438 1135 Arvorum
474 1082 794 1151 pecorisque
829 1082 949 1150 dee,
986 1082 1282 1151 lucumque
1316 1081 1584 1150 diemun

160 1157 265 1221 Qui
301 1157 463 1225 primi
498 1158 621 1210 finis
656 1158 949 1226 aliquando
985 1157 1228 1212 habuere
1265 1158 1502 1211 Latinos

164 1234 328 1287 Haud
362 1234 551 1301 procul
586 1233 713 1287 hinc
750 1235 959 1289 Tarcho
994 1238 1054 1289 et
1090 1234 1354 1303 Tyrrheni
1389 1237 1512 1287 tuta
1548 1234 1819 1289 tenebant

160 1310 352 1363 Castra
386 1309 532 1378 lociS‚
568 1310 823 1379 celsoque
858 1312 1035 1365 omnis
1070 1310 1143 1365 de
1177 1310 1314 1365 colle
1349 1310 1524 1363 videri

166 1387 184 1438 l
190 1403 277 1440 am
313 1390 532 1456 poterat
567 1387 725 1454 legio,
760 1387 982 1441 et·latis
1016 1386 1286 1442 tendebat
1319 1386 1377 1440 in
1413 1386 1568 1439 arvis
1787 1402 1866 1441 eus

162 1463 284 1516 Huc
318 1466 477 1532 pater
518 1465 735 1517 Aeneas
770 1467 827 1518 et
863 1463 1008 1517 bello
1043 1463 1186 1517 lecta
1221 1464 1476 1517 iuventus

157 1539 481 1607 Succedunt,
516 1540 757 1609 fessique
793 1543 853 1594 et
886 1556 1057 1609 equos
1094 1543 1153 1594 et
1187 1556 1417 1609 corpora
1450 1543 1660 1593 curant.

229 1616 306 1670 At
342 1616 531 1671 Venus
566 1616 840 1671 aetherios
874 1618 1021 1671 inter
1056 1616 1164 1671 dea
1199 1614 1435 1670 candida
1470 1614 1684 1668 nimbos

156 1692 314 1747 Dona
347 1693 530 1748 ferens
564 1692 789 1758 aderat3
835 1697 1136 1763 natumque
1171 1692 1228 1746 in
1264 1691 1405 1746 valle
1440 1690 1669 1745 reducta

154 1769 233 1824 Ut
267 1770 453 1838 procul
490 1773 549 1824 et
584 1769 769 1837 gelido
805 1773 1075 1824 secretum
1113 1769 1338 1823 flumine
1373 1768 1525 1836 vidit,
1781 1783 1862 1823 ⁶10

154 1845 373 1899 Talibus
406 1845 593 1898 adfata
627 1848 714 1899 est
750 1845 930 1912 dictis,
968 1861 1139 1915 seque
1174 1844 1377 1898 obtulit
1410 1844 1583 1898 ultro:

156 1920 235 1972 En
270 1920 516 1988 perfecta
550 1921 657 1974 mci
694 1922 961 1990 promissa
996 1921 1242 1988 coniugis
1275 1924 1396 1974 arte

154 1996 413 2060 Munera;
458 2012 527 2050 no
564 2012 691 2050 mox
726 2001 824 2052 aut
861 1997 1169 2063 Laurentis,
1207 1999 1350 2064 nate,
1387 1995 1664 2065 superbos,

154 2073 271 2125 Aut
305 2087 487 2124 acrem
524 2072 747 2126 dubites
782 2073 838 2126 in
872 2073 1080 2141 proelia
1116 2089 1340 2142 poscere
1377 2071 1639 2126 Turnum.

156 2147 306 2201 Dixit
340 2149 400 2201 et
435 2147 717 2216 amplexus
752 2149 866 2202 nati
906 2149 1179 2217 Cytherea
1212 2148 1441 2217 petivit;
1779 2164 1860 2204 616

154 2224 323 2276 Arma
358 2223 460 2277 sub
496 2223 727 2278 adversa
761 2226 947 2294 posuit
981 2225 1258 2279 radiantia
1291 2240 1516 2293 quercu.

149 2298 264 2364 Ille,
301 2299 438 2353 deae
474 2299 633 2355 donis
670 2303 728 2354 et
764 2304 919 2354 tanto
954 2301 1135 2354 laetus
1170 2301 1388 2367 honore,

147 2375 371 2443 Expleri
407 2375 599 2444 nequit
630 2379 801 2444 atque
837 2378 1021 2431 oculos
1055 2394 1157 2446 per
1191 2376 1407 2444 singula
1441 2375 1623 2442 volvit,

146 2451 493 2520 Miraturque
528 2451 783 2520 interque
820 2469 1012 2507 manus
1049 2457 1109 2507 ct
1145 2451 1398 2506 bracchia
1431 2455 1615 2505 versat

145 2527 464 2582 Terribilem
504 2528 685 2582 cristis
719 2529 933 2596 galcam
968 2529 1321 2597 flammasque
1356 2530 1682 2592 vomentem,
1781 2543 1862 2582 sao

145 2602 560 2673 Fatiferumquc
598 2621 801 2672 ensem,
836 2604 1058 2659 loricam
1095 2621 1164 2660 ex
1201 2621 1328 2658 aere
1365 2604 1652 2670 rigentem,

144 2679 523 2746 Sanguineam,
561 2681 858 2748 ingentem,
895 2681 1072 2750 qualis
1107 2698 1233 2734 cum
1268 2679 1485 2734 caerula
1519 2676 1696 2732 nubes

144 2752 283 2804 Solis
317 2753 615 2810 inardescit
651 2755 821 2809 radiis
856 2757 1126 2825 longeque
1162 2756 1430 2824 refulget3

144 2825 282 2875 Tum
318 2825 451 2878 levis
487 2844 673 2883 ocreas
710 2831 915 2885 electro
952 2849 1198 2901 auroque
1231 2835 1463 2899 recocto,

146 2897 503 2964 Haemumque,
541 2907 599 2956 et
634 2904 792 2972 clipei
827 2924 937 2961 non
974 2907 1280 2963 enarrabile
1316 2911 1548 2962 textum.
1779 2922 1860 2964 626

145 2969 267 3020 Illic
302 2985 392 3021 res
430 2971 600 3027 Italas
638 2978 1118 3053 Romanorumque
1153 2984 1475 3054 triumphos,

145 3040 317 3122 gaud
350 3047 537 3131 vatum
570 3049 792 3114 ignarus
826 3061 1156 3126 venturique
1191 3061 1391 3116 inscius
1426 3059 1560 3125 aevi,

197 3117 380 3168 Ὦθΐῧῧ
418 3115 765 3192 Igmpoten83
811 3131 921 3184 illic
956 3149 1133 3200 genus
1169 3153 1330 3192 omne
1365 3137 1587 3192 futurae
