2163 3401
675 89 680 94 “
699 77 1115 128 GEORGICON
1150 77 1301 136 Lm.
1346 77 1422 127 ΙΙ.
1880 81 1944 130 45

220 161 374 215 Ante
409 160 585 214 locum
623 159 854 214 similem
889 158 1205 227 exquirunt,
1242 158 1338 213 ubi
1371 159 1551 229 prima
1581 164 1811 230 paretur

221 235 532 290 Arboribus
569 253 744 304 seges,
779 242 838 289 et
875 251 984 304 qno
1001 251 1149 290 ·mox
1184 234 1403 304 digesta
1436 236 1663 304 feratur,

221 313 499 367 Mutatam
535 313 793 380 ignorent
829 312 1014 365 subito
1049 329 1123 367 ne
1158 312 1367 366 semina
1400 315 1653 368 matrem.

221 387 366 453 Quin
403 390 571 442 etiam
607 389 742 443 meli
780 388 1057 454 regionem
1094 388 1148 442 in
1188 387 1395 442 cortice
1430 388 1663 457 signant,

222 466 318 533 Ut,
355 482 464 535 quo
501 481 754 534 quaeque
790 463 953 518 modo
989 464 1228 531 steterit,
1266 481 1377 532 qua
1410 468 1571 532 parte
1605 465 1815 522 calores
1866 480 1941 522 πυ

223 542 518 596 Austrinos
557 541 766 606 tulerit,
803 557 944 609 quae
981 544 1143 608 terga
1176 539 1481 594 obverterit
1514 541 1623 609 axi,

223 619 578 673 Restituant:
617 617 756 672 adeo
792 616 849 670 in
887 618 1095 672 teneris
1130 631 1486 672 consuescere
1519 617 1757 674 multum
1794 623 1895 674 est.

221 694 470 749 Collibus
505 711 575 748 an
613 694 774 764 plano
810 693 1006 748 melius
1041 693 1115 748 sit
1152 709 1356 762 ponere
1374 693 1577 762 ,-vitem,

223 769 441 836 Quaere
477 771 644 841 prius.
714 770 773 824 Si
808 769 1026 840 pinguis
1059 785 1223 838 agros
1257 769 1539 828 metabere
1572 769 1764 839 campi,

223 847 412 902 Densa
427 863 582 912 sere;
611 847 664 900 in
689 846 858 900 denso
880 863 986 900 non
1012 845 1233 914 segnior
1254 845 1427 903 ubere
1454 846 1727 912 Bacchum
1867 858 1940 898 2⁷5

222 923 321 977 Sin
357 923 583 977 tumulis
618 922 828 985 adclive
864 921 1037 975 solum
1073 921 1337 990 collisque
1374 922 1611 990 supinos,

226 999 462 1069 Indulge
496 999 796 1068 ordinibus,
829 1014 932 1052 nec
967 998 1140 1052 setius
1175 997 1351 1052 omnis
1385 997 1441 1051 in
1476 1013 1717 1066 unguem

223 1075 535 1130 Arboribus
569 1075 764 1145 positis
799 1077 952 1128 secto
986 1074 1076 1128 via.
1110 1073 1287 1128 limite
1322 1074 1573 1142 quadret.

224 1152 304 1206 Ut
342 1169 506 1221 saepe
541 1151 752 1220 ingenti
787 1150 932 1205 bello
966 1167 1091 1204 eum
1127 1150 1291 1218 longa
1323 1149 1576 1205 cohortes

221 1228 498 1297 Explicuit
533 1228 690 1296 legi0,
725 1233 784 1281 et
819 1243 1012 1296 canipe
1047 1226 1208 1281 stetit
1242 1243 1439 1294 agmen
1474 1232 1687 1296 aperto,
1869 1234 1939 1274 fl

222 1303 590 1372 Direetaeque
625 1304 784 1368 aciae,
817 1320 880 1356 ac
915 1302 1028 1358 late
1064 1303 1297 1357 fluctuat
1332 1303 1507 1360 omnis

225 1382 378 1432 Aere
413 1377 690 1432 renidenti
729 1377 908 1445 tellus,
942 1378 1178 1433 necdum
1214 1377 1439 1432 horrida
1471 1379 1706 1435 miscent

226 1441 458 1521 Proelia,
493 1453 594 1506 sed
627 1451 829 1506 dubius
860 1452 1054 1506 mediis
1094 1453 1245 1506 Mars
1281 1457 1433 1508 errat
1466 1453 1525 1508 in
1558 1455 1762 1521 armis3

223 1529 426 1584 Omnia
461 1529 575 1582 sint
608 1528 836 1599 paribus
870 1527 1113 1582 numeris
1148 1528 1399 1583 dimensa
1431 1529 1673 1596 viarum3

223 1607 349 1662 Non
385 1605 628 1660 animum
665 1605 827 1660 modo
862 1604 945 1659 uti
981 1608 1171 1674 pascat
1205 1610 1527 1675 prospectus
1561 1605 1795 1674 inanem,
1862 1621 1937 1662 τοῦ

222 1681 337 1738 Sed
372 1683 504 1754 quia
539 1699 646 1737 non
681 1683 847 1737 aliter
880 1681 1011 1737 viris
1047 1681 1206 1738 dabit
1238 1680 1491 1737 omnibus
1524 1689 1732 1754 nequas
1810 1724 1819 1735 ,

223 1760 408 1829 Terra,
443 1777 623 1829 neque
659 1759 712 1813 in
749 1775 978 1814 vacuum
1012 1763 1276 1829 poterunt
1310 1776 1371 1815 se
1406 1761 1710 1817 extendere
1745 1760 1901 1819 rami.

294 1836 551 1890 Forsitan
587 1841 645 1891 et
680 1834 962 1891 scrobibus
997 1852 1140 1905 quae
1176 1836 1288 1892 sint
1324 1837 1543 1907 fastigia
1575 1854 1825 1908 quaem

224 1912 422 1967 Ausim
457 1913 546 1967 vel
581 1913 736 1967 tenui
771 1912 940 1967 vitem
975 1914 1319 1977 committere
1356 1913 1521 1969 sulco.

223 1989 410 2044 Altior
442 2006 507 2043 ae
542 1992 760 2060 penitus
796 1993 980 2045 terrae
1016 1989 1281 2058 defigitur
1314 1990 1495 2058 arbos,
1864 2008 1940 2047 κω

225 2066 494 2120 Aesculus
531 2066 585 2120 in
616 2066 822 2136 primis,
859 2083 1018 2136 quae,
1054 2071 1323 2136 quantum
1358 2068 1563 2123 vertice
1596 2067 1671 2122 ad
1704 2084 1865 2123 auras

224 2142 536 2209 Aetherias,
572 2147 788 2197 tantum
824 2142 1010 2197 radice
1045 2142 1103 2196 in
1140 2143 1370 2197 Tartara
1403 2143 1601 2199 tendit.

224 2219 372 2287 Ergo
405 2235 513 2273 non
550 2218 758 2273 hiemes
794 2218 960 2285 illam,
996 2236 1105 2272 non
1142 2219 1329 2285 flabra,
1364 2236 1545 2288 neque
1580 2219 1785 2275 imbres

225 2294 552 2349 Convellunt
566 2316 581 2360 ;
607 2295 826 2363 inmota.
859 2299 1061 2361 manet,
1099 2295 1413 2364 multosque
1450 2300 1693 2366 nepotes.

224 2370 406 2425 Multa
439 2371 617 2425 virum
653 2372 876 2427 volvens
910 2372 1162 2427 durando
1198 2372 1415 2430 saecula
1448 2372 1649 2439 vineit;
1867 2389 1940 2429 ωε

224 2446 363 2501 Tum
400 2447 559 2502 fortis
591 2450 707 2503 late
742 2465 926 2503 ramos
959 2454 1020 2505 et
1053 2448 1312 2509 bracchia
1346 2449 1583 2505 tendens
1735 2458 1741 2465 ‘

227 2522 356 2577 Huc
389 2522 534 2589 illue,
569 2524 753 2578 media
789 2524 908 2594 ipsa
940 2524 1223 2595 ingentem
1260 2527 1500 2582 sustinet
1531 2525 1797 2583 umbram.

295 2599 456 2655 Neve
489 2599 590 2654 tibi
625 2600 699 2653 ad
734 2601 904 2655 solem
939 2607 1173 2671 vergant
1207 2603 1393 2660 vineta.
1426 2602 1745 2669 cadentem3

225 2678 384 2733 Neve
417 2676 564 2731 inter
600 2676 728 2731 vitis
761 2678 1000 2745 corylum
1037 2695 1193 2744 serc;
1228 2694 1365 2731 neve
1400 2676 1617 2745 flagella

227 2754 451 2809 Summa.
468 2757 613 2822 pete,
633 2756 734 2807 aut
751 2769 965 2807 summa
983 2753 1235 2823 deu-inge
1252 2770 1322 2809 ex
1338 2752 1536 2807 arbore
1552 2754 1801 2824 plantam
1860 2768 1938 2809 ³⁰0

226 2828 436 2883 Tantus
471 2845 626 2883 amor
657 2833 874 2895 terram
908 2846 1016 2885 neu
1053 2830 1200 2885 ferro
1236 2829 1393 2892 laede
1428 2834 1651 2885 retunso

227 2906 478 2972 Semina3
512 2922 651 2961 neve
685 2906 840 2961 oleae
875 2906 1146 2961 silvestris
1180 2906 1360 2963 insere
1396 2910 1643 2963 truncos:

226 2982 372 3037 Nam
407 2998 571 3052 saepe
605 2983 842 3037 incautis
877 2983 1191 3053 pastoribus
1226 2983 1433 3039 excidit
1466 2983 1625 3052 ignis,

228 3058 352 3127 Qui,
386 3058 578 3113 furtim
611 3060 804 3130 pingui
839 3060 1075 3129 primum
1112 3059 1215 3114 sub
1248 3062 1451 3116 cortice
1484 3063 1681 3127 tectus,

228 3133 451 3190 Robora
485 3136 824 3205 conprendit,
860 3137 1193 3207 frondesque
1228 3136 1447 3206 elapsus
1477 3136 1536 3193 in
1570 3134 1713 3191 altas
1864 3148 1937 3189 ωε
