2163 3401
147 96 240 142 312
550 129 560 136 .
600 90 659 137 P.
701 89 1007 137 VERGILI
1043 88 1376 135 MARONIS

145 170 318 224 Obliti
355 170 540 238 ignoto
575 186 889 238 camporum
923 169 982 222 in
1017 168 1241 237 pulvere
1275 168 1555 237 linquunt3

147 247 280 315 Opis
317 246 389 299 ad
425 245 730 299 aetherium
765 246 960 315 pennis
997 246 1245 299 aufertur
1282 244 1585 313 Olympum.

215 322 399 373 Prima
435 320 589 387 fugit,
626 319 846 374 domina
884 322 1103 388 amissa,
1132 320 1269 373 levis
1304 322 1391 375 ala
1426 322 1731 385 Camillae3

147 390 370 451 Turbati
407 398 625 465 fugiunt
664 398 871 465 Rutuli,
912 397 1052 465 fugit
1088 414 1215 453 acer
1252 400 1465 465 AtinaS,

146 475 486 543 Disiecthue
523 473 692 527 duces
729 473 1070 542 desolatique
1106 474 1329 543 manipli
1785 491 1865 529 sm

146 551 287 603 Tuta
322 555 533 619 petunt,
571 557 629 603 ct
666 551 822 619 equis
857 550 1034 604 aversi
1069 550 1145 603 ad
1178 551 1391 604 moenia
1424 550 1678 605 tendunt.

147 627 264 680 Nec
303 626 588 695 quisquam
627 626 884 679 instantis
922 626 1158 680 Teucros
1195 626 1477 693 letumque
1510 626 1741 681 ferentis

150 704 473 757 Sustentarc
510 703 658 757 valet
693 703 836 771 telis,
873 707 970 757 aut
1007 703 1205 756 sistere
1238 706 1457 767 contra;

142 778 253 839 Sed
288 778 442 833 laxos
479 780 727 833 referunt
761 779 1006 832 humeris
1041 778 1436 846 languentibus
1468 794 1642 845 arcus,

145 855 686 925 Quadrupedumque
709 860 930 923 putrem
953 872 1119 909 cursu
1152 855 1333 921 quatit
1363 854 1565 921 ungula
1586 871 1860 924 campum.

145 931 401 985 Volvitur
436 932 509 985 ad
545 950 730 986 muros
765 932 998 1000 caligine
1033 929 1292 984 turbidus
1326 934 1450 984 atra
1782 945 1861 985 876

145 1007 346 1075 PulviS,
383 1012 444 1062 et
480 1026 511 1063 c
549 1009 782 1077 speculis
818 1024 1110 1077 percussae
1147 1009 1377 1075 pectora
1408 1008 1613 1060 matres

145 1084 462 1137 Femineum
500 1085 790 1137 clamorem
827 1084 900 1137 ad
937 1082 1073 1137 caeli
1107 1083 1295 1136 sidera
1328 1082 1544 1136 tollunt.

147 1160 251 1225 Qui
289 1178 450 1213 cursu
488 1164 672 1228 portas
709 1161 873 1229 primi
909 1161 1169 1230 inrupere
1204 1160 1461 1228 patentis,

146 1237 263 1289 Hos
300 1236 518 1289 inimica
555 1252 722 1305 super
756 1235 930 1289 mixto
967 1236 1171 1304 premit
1208 1236 1425 1303 agmine
1459 1234 1652 1300 turba;
1780 1244 1863 1285 seo

143 1312 260 1367 Nec
296 1312 549 1365 miseram
587 1312 857 1381 effugiunt
891 1316 1143 1379 mortem,
1180 1311 1283 1365 sed
1318 1310 1505 1364 limine
1540 1311 1597 1364 in
1628 1311 1753 1380 ipso

143 1387 428 1443 Moenibus
463 1389 520 1443 in
554 1388 749 1457 patriis
783 1392 952 1457 atque
987 1388 1137 1441 inter
1169 1390 1294 1441 tuta
1330 1386 1613 1441 domorum

141 1465 359 1518 Oonflxi
395 1466 677 1533 exspirant
711 1463 933 1517 animas.
1009 1464 1147 1516 Pars
1184 1463 1439 1516 claudere
1472 1466 1693 1530 portas3

141 1540 255 1593 Nec
292 1541 452 1594 sociis
488 1541 704 1609 aperire
739 1541 899 1607 vim,
933 1554 1036 1593 nec
1069 1538 1359 1592 moenibus
1396 1538 1600 1593 audent

139 1616 406 1686 Accipere
443 1618 678 1681 orantis3
715 1615 999 1684 oriturque
1035 1614 1342 1668 miserrima
1374 1614 1571 1668 caedes
1781 1632 1863 1672 sss

139 1689 544 1747 Defendentum
582 1693 748 1748 armis
785 1691 984 1761 aditus,
1022 1692 1191 1762 inque
1230 1709 1382 1746 arma
1418 1694 1687 1748 ruentum.

139 1768 358 1823 Exclusi
391 1774 522 1824 ante
559 1770 740 1824 oculos
777 1769 1273 1836 lacrimantumque
1305 1785 1403 1822 ora
1433 1771 1727 1837 parentum

140 1843 274 1898 Pars
311 1845 368 1898 in
403 1847 724 1915 praecipitis
761 1847 934 1900 fossas
971 1849 1245 1913 urguente
1280 1844 1438 1898 ruina

139 1919 404 1987 Volvitur,
441 1921 679 1974 inmissis
714 1939 842 1990 pars
879 1939 1040 1976 caeca
1076 1925 1135 1975 ct
1170 1922 1383 1976 concita
1418 1921 1587 1976 frenis

141 1996 363 2050 Arietat
399 1997 455 2048 in
491 2001 678 2065 portas
715 2002 774 2051 et
811 1998 980 2052 duros
1019 1997 1193 2052 obiice
1228 1998 1415 2066 postis.
1779 2013 1863 2052 sno

141 2073 298 2142 Ipsae
337 2072 408 2126 de
444 2073 616 2126 muris
655 2089 864 2128 summo
903 2075 1205 2128 certamine
1237 2077 1526 2141 matres—

137 2148 410 2203 Monstrat
448 2167 598 2204 amor
634 2165 797 2204 verus
832 2151 1183 2220 patriae—ut
1218 2149 1408 2203 videre
1449 2149 1751 2220 Camillam,

137 2223 265 2278 Tela
299 2242 463 2279 manu
499 2227 754 2296 trepidae
789 2227 1007 2295 iaciunt,
1047 2243 1112 2280 ac
1146 2226 1343 2280 roboro
1382 2225 1517 2278 duro

137 2301 430 2370 Stipitibus
461 2297 677 2356 Yet-rum
715 2303 1054 2372 sudibusque
1090 2303 1377 2356 imitantur
1412 2301 1621 2355 obustis

141 2377 491 2447 Praecipites,
516 2380 838 2448 primaeque
863 2379 1002 2432 mori
1025 2396 1127 2447 pro
1150 2377 1436 2432 moenibus
1461 2377 1675 2434 ardent.
1780 2393 1861 2435 ωε

209 2455 430 2510 Interea
468 2455 709 2508 Turnum
745 2455 802 2509 in
841 2456 990 2510 silvis
1027 2454 1381 2509 saevissimus
1416 2454 1590 2524 inplet

137 2529 389 2600 Nuntius,
429 2535 486 2586 ct
521 2533 704 2586 iuveni
739 2532 1020 2602 ingentem
1057 2531 1170 2585 fert
1207 2532 1357 2585 Acca
1390 2530 1726 2584 tumultum:

138 2604 361 2662 Deletas
406 2608 722 2662 Volscorum
761 2609 919 2676 acies,
955 2607 1221 2661 cecidisse
1259 2606 1571 2672 Camillam,

139 2681 406 2751 Ingruere
441 2685 684 2739 infensos
719 2685 906 2751 hostiS,
945 2687 1006 2737 et
1041 2683 1225 2736 Marte
1264 2681 1499 2738 secundo

139 2757 334 2812 Omnia
369 2761 708 2829 corripuisse,
747 2764 956 2814 metum
993 2759 1103 2812 iam
1136 2759 1211 2812 ad
1246 2758 1461 2812 moenia
1493 2755 1645 2811 ferri.
1776 2769 1859 2808 eoo

138 2830 240 2885 Ille
275 2836 589 2890 furens--et
625 2852 788 2890 saeva
825 2836 972 2889 Iovis
1009 2836 1087 2889 sic
1120 2835 1343 2888 numina
1375 2833 1665 2903 poscunt-

138 2904 359 2986 Deserit
383 2910 644 2964 -obsessos
680 2911 847 2977 collis,
883 2928 1107 2966 nemora
1142 2927 1335 2980 aspera
1370 2908 1581 2977 linquit.

137 2981 248 3035 Vix
285 3000 316 3036 e
350 2989 645 3048 conspectu
681 2986 894 3040 exierat
931 3003 1293 3056 campumque
1327 2983 1571 3052 tenebat,

139 3053 276 3105 Cum
313 3057 476 3120 pater
513 3058 748 3123 Aeneas„
785 3059 959 3112 saltus
994 3060 1273 3126 ingressus
1308 3064 1549 3128 apertos,

143 3122 556 3187 Exsuperatque
591 3127 777 3190 iugum
817 3131 1060 3199 silvaque
1096 3134 1285 3187 evadit
1320 3150 1505 3200 opaca.
1776 3149 1855 3190 ⁹oe
