2163 3401
758 90 1122 139 AENEIDOS
1165 90 1303 138 LlB.
1351 92 1478 140 VII.
1884 98 1976 151 221

191 163 199 170 ’
262 168 351 221 Ut
386 168 567 235 pelagi
607 184 772 235 rupes
808 184 1005 237 magno
1039 168 1298 223 veniente
1332 169 1566 239 fragore,

263 244 425 308 Quae
460 260 595 311 sese,
631 244 819 297 multis
854 246 1058 299 circum
1095 245 1424 300 latrantibus
1459 247 1632 315 undis,

262 320 419 373 Mole
452 324 641 384 tenet;
678 321 881 387 scopuli
918 322 1248 390 nequiquam
1287 326 1344 376 et
1380 340 1604 392 spumea
1637 325 1840 381 circum

257 396 413 449 Saxa
446 396 703 463 fremunt,
741 395 1013 466 laterique
1050 398 1210 451 inlisa
1246 400 1560 453 refunditur
1596 401 1732 469 alga.
1903 418 1978 457 590

262 474 477 527 Verum
512 472 606 531 ubi
642 473 791 527 nulla
828 473 993 528 datur
1029 492 1248 529 caecum
1286 492 1616 545 exsuperare
1652 481 1899 546 potestas

264 550 580 616 Consilium,
622 554 681 603 et
717 568 911 605 saevae
951 556 1092 606 nutu
1131 552 1356 605 Iunonis
1393 557 1526 607 eunt
1563 570 1665 621 res,

262 627 446 679 Multa
482 626 615 680 deos
652 644 925 697 aurasque
960 631 1122 696 pater
1159 632 1398 685 testatus
1433 630 1623 697 inania

262 702 593 769 Frangimur
626 701 735 756 heu
770 704 914 771 fatis,
950 704 1143 771 inquit,
1182 704 1516 774 ferimurque
1550 704 1816 773 procella!

263 778 381 846 Ipsi
416 778 517 831 has
552 778 815 847 sacrilego
850 780 1108 847 pendetis
1144 781 1406 848 sanguine
1440 798 1658 849 poenas,
1904 796 1978 835 595

262 851 310 905 Ο
347 854 554 910 miseri.
628 854 718 919 Te,
755 855 949 924 Turne,
986 857 1156 924 nefas,
1191 861 1248 911 te
1285 858 1447 911 triste
1483 857 1727 912 manebit

261 929 617 999 Supplicium,
653 931 905 1001 votisque
942 932 1075 985 deos
1109 932 1444 987 venerabere
1481 934 1628 987 seris,

260 1006 312 1059 N
314 1023 405 1059 am
441 1006 579 1059 mihi
613 1010 773 1075 parta
809 1007 981 1077 quiea,
1015 1008 1300 1078 omnisque
1336 1009 1394 1063 in
1429 1009 1613 1063 limine
1649 1014 1872 1079 portum

260 1082 481 1137 Funere
514 1082 660 1136 felici
696 1083 915 1153 spolior.
987 1084 1041 1138 N
1044 1102 1108 1139 ee
1142 1086 1302 1153 plura
1336 1084 1550 1140 loeutus

258 1158 478 1228 Saepsit
514 1176 574 1213 se
610 1160 789 1227 tectiS,
824 1178 1120 1230 rerumque
1158 1162 1382 1229 reliquit
1418 1161 1672 1217 habenaS.
1901 1177 1976 1216 ooo

328 1234 454 1289 Mos
492 1240 613 1289 erat
650 1236 922 1305 Hesperio
960 1238 1017 1289 in
1057 1237 1232 1306 Latio,
1272 1255 1436 1307 quem
1471 1239 1722 1308 protinus
1755 1238 1922 1293 urbes

260 1310 515 1366 Albanae
551 1312 767 1366 coluere
804 1329 1033 1381 sacrum,
1072 1330 1214 1367 nunc
1249 1331 1506 1368 maxuma
1539 1331 1724 1369 rerum

258 1388 439 1442 Roma
474 1388 620 1457 colit,
660 1406 783 1442 eum
818 1390 995 1458 prima
1031 1392 1254 1444 movent
1289 1391 1347 1444 in
1381 1390 1590 1458 proelia
1625 1390 1880 1457 Martem,

258 1464 384 1518 Sive
424 1465 584 1518 Getis
619 1464 824 1518 inferre
859 1482 1027 1519 manu
1062 1465 1401 1519 lacrimabile
1433 1466 1638 1519 bellum

258 1541 598 1609 Hyrcanisve
625 1541 895 1595 Arabisve
918 1545 1134 1611 parant,
1164 1558 1261 1595 seu
1286 1541 1518 1596 tendere
1543 1541 1616 1595 ad
1643 1542 1812 1595 Indos
1899 1556 1974 1597 605

257 1620 647 1686 Auroramque
686 1619 839 1686 sequi
877 1617 1224 1687 Parthosque
1261 1635 1547 1687 reposcere
1584 1618 1764 1685 signa:

258 1693 397 1748 Sunt
436 1694 691 1763 geminae
729 1694 871 1749 Belli
904 1699 1114 1764 portae,
1151 1695 1232 1750 sie
1269 1695 1486 1748 nomine
1524 1695 1728 1762 dicunt,

258 1769 547 1839 Religione
583 1788 769 1826 sacrae
806 1775 865 1826 et
901 1772 1049 1826 saevi
1087 1772 1379 1826 formidine
1418 1772 1646 1838 Martis3

258 1847 493 1902 Centum
531 1849 678 1902 aerei
713 1848 977 1903 claudunt
1012 1853 1200 1903 vectes
1237 1852 1568 1918 aeternaque
1603 1849 1737 1902 ferri

256 1923 496 1991 Robora,
534 1941 633 1978 nee
669 1929 853 1980 custos
888 1926 1112 1980 absistit
1145 1926 1332 1980 limine
1373 1926 1570 1992 Ianus;
1893 1940 1970 1980 610

258 2000 391 2068 Has,
428 2001 525 2054 ubi
561 2004 715 2056 certa
748 2001 907 2069 sedet
942 2001 1198 2071 patribus
1233 2003 1508 2058 sententia
1540 2019 1770 2072 pugnae,

257 2077 387 2146 Ipse
427 2078 692 2143 Quirinali
724 2077 921 2132 trabea
955 2079 1248 2147 cinctuque
1287 2078 1498 2132 Gabino

257 2152 501 2222 Insignis
536 2157 747 2208 reserat
782 2154 1073 2209 stridentia
1108 2154 1296 2207 limina
1333 2154 1563 2219 Consul;

255 2229 385 2298 Ipse
420 2235 579 2284 vocat
613 2247 840 2299 pugnas,
878 2231 1130 2300 sequitur
1164 2233 1282 2284 tum
1319 2233 1504 2283 cetera
1537 2229 1726 2298 pubes,

254 2307 548 2375 Aereaque
582 2307 818 2360 adsensu
855 2306 1169 2376 conspirant
1204 2322 1404 2358 cornua
1439 2322 1616 2359 rauco.
1891 2319 1966 2360 615

254 2381 380 2436 Hoe
416 2386 475 2436 et
511 2387 631 2437 tum
669 2383 947 2437 Aeneadis
984 2383 1225 2438 indicere
1261 2382 1408 2436 bella
1443 2382 1672 2436 Latinus

255 2457 413 2515 More
448 2458 742 2514 iubebatur
775 2460 1065 2529 tristisque
1102 2460 1386 2514 recludere
1420 2463 1623 2528 portas.

257 2533 544 2590 Abstinuit
574 2539 729 2590 tactu
762 2540 938 2605 pater,
973 2552 1309 2604 aversusque
1344 2535 1548 2603 refugit

254 2609 446 2664 Foeda
479 2611 797 2678 ministeria,
834 2615 893 2666 et
928 2613 1104 2666 caecis
1140 2629 1199 2664 so
1235 2610 1482 2664 condidit
1514 2611 1736 2664 umbris.

251 2687 391 2740 Tum
426 2687 619 2754 regina
655 2687 821 2741 deum
856 2688 1005 2742 eaelo
1042 2687 1268 2756 delapsa
1301 2687 1564 2740 morantis
1887 2701 1962 2741 cao

252 2762 467 2830 Inpulit
501 2762 622 2832 ipsa
653 2779 819 2816 manu
852 2766 1055 2832 portaS,
1093 2766 1150 2816 et
1185 2762 1408 2816 cardine
1443 2778 1602 2816 verso

248 2838 396 2894 Belli
431 2839 664 2894 ferratos
698 2841 907 2908 rumpit
942 2840 1200 2894 Saturnia
1234 2837 1422 2906 postis

250 2914 439 2970 Ardet
472 2915 713 2970 inexcita.
748 2916 991 2969 Ausonia
1026 2919 1196 2984 atque
1231 2913 1506 2967 inmobilis
1542 2916 1700 2978 ante;

248 2985 389 3045 Pars
422 2992 597 3059 pedes
630 2991 715 3045 ire
746 2994 910 3060 parat
944 2990 1165 3058 campis,
1200 3005 1330 3057 pars
1363 2987 1567 3042 arduus
1601 2987 1726 3042 altis

250 3065 675 3121 Pulverulentus
710 3066 867 3134 equis
900 3065 1065 3129 furit3
1101 3079 1290 3119 omnes
1325 3079 1478 3116 arma
1514 3063 1822 3130 requirunt.
1885 3074 1960 3114 62⁵

249 3145 391 3197 Pars
424 3142 562 3196 levis
598 3142 801 3209 clipeos
836 3143 894 3194 et
930 3138 1136 3208 spicula
1168 3137 1348 3192 lucida.
1380 3140 1602 3204 tergent
