2163 3401
743 118 1107 168 AENEIDOS
1140 119 1283 172 LIB.
1319 120 1387 169 V.
1530 135 1537 140 ·
1822 123 1911 171 171

210 196 509 251 Abduxere
543 200 696 251 retro
732 197 894 266 longe
930 200 1114 268 capita
1148 201 1321 254 ardua
1354 198 1426 255 ab
1460 200 1586 263 ictu,

206 273 618 341 Inmiscentque
653 291 846 328 manus
881 276 1149 342 manibus,
1186 293 1536 346 pugnamque
1570 277 1855 332 lacessunt.

207 349 304 404 Ille
339 349 551 419 pedum
588 350 781 404 melior
815 354 983 419 motu,
1020 352 1305 421 fretusque
1342 353 1577 420 iuventa,
1841 369 1915 408 4³0

205 427 308 480 Hic
343 425 609 479 membris
645 429 704 480 et
738 427 881 480 mole
916 428 1133 494 valens;
1171 428 1270 482 sed
1306 429 1469 482 tarda
1503 432 1762 485 trementi

202 504 392 556 Genua
426 501 636 569 labant,
673 506 855 557 vastos
891 503 1076 574 quatit
1110 521 1275 572 aeger
1310 504 1581 558 anhelitus
1616 509 1784 560 artus.

201 579 383 632 Multa
415 578 523 632 viri
559 579 889 647 nequiquam
926 581 1074 633 inter
1110 597 1169 634 se
1205 581 1425 634 volnera
1459 581 1683 649 iactant,

201 653 550 709 Multa‘cavo
586 655 748 708 lateri
782 655 1124 724 ingeminant
1160 661 1219 710 ct
1255 661 1479 726 pectore
1513 662 1697 712 vastos

200 727 350 786 Dant
388 731 613 796 sonitus,
651 738 910 800 erratque
948 733 1095 786 auris
1134 736 1193 786 et
1226 736 1481 802 tempora
1512 734 1713 788 circum
1842 749 1915 788 435

201 808 412 862 Crebra
447 824 652 870 manus
691 807 829 860 duro
867 809 1141 876 crepitant
1176 808 1278 862 sub
1314 809 1535 864 volnere
1569 811 1757 865 malae.

199 884 328 938 Stat
361 883 547 952 gravis
583 883 834 937 Entellus
867 884 1101 952 nisuque
1134 885 1378 938 inmotus.
1410 885 1617 953 eodem,

201 961 445 1030 Corpore
481 959 593 1013 tela
627 959 790 1012 modo
827 963 996 1028 atque
1031 961 1201 1014 oculis
1236 961 1587 1028 vigilantibus
1622 962 1755 1017 exit.

207 1037 319 1105 me,
357 1035 510 1089 velut
546 1035 744 1089 celsam
781 1039 1062 1105 oppugnat
1099 1037 1192 1104 qui
1227 1036 1461 1090 molibus
1494 1038 1703 1105 urbem,

208 1115 321 1166 Aut
358 1115 622 1166 montana
658 1111 816 1166 sedet
851 1114 1052 1167 circum
1090 1114 1317 1167 castella
1350 1113 1453 1167 sub
1487 1115 1671 1183 armiS,
1838 1129 1913 1168 uc

207 1190 363 1243 §lunc
395 1189 512 1256 hos,
550 1205 692 1242 nunc
725 1189 846 1242 illos
883 1189 1080 1256 aditus,
1118 1206 1443 1258 omnemque
1476 1195 1726 1259 pererrat

207 1269 346 1320 Arte
381 1265 574 1330 locum,
610 1268 670 1318 et
703 1265 867 1319 variis
887 1265 1213 1320 adsultibus
1247 1266 1445 1320 inritus
1480 1271 1693 1336 urguet.

199 1341 464 1396 Ostendit
501 1341 756 1395 dextram
791 1342 1077 1410 insurgens
1116 1343 1364 1396 Entellus
1400 1347 1459 1397 et
1494 1343 1606 1398 alte

200 1415 442 1472 Extulit:
480 1417 574 1471 ille
607 1418 776 1472 ictum
812 1419 1118 1472 venientem
1156 1419 1427 1490 avertice
1462 1419 1620 1474 velox

205 1495 502 1561 l‘raevidit,
541 1494 814 1562 celerique
850 1495 1066 1563 elapsus
1103 1511 1329 1564 corpore
1364 1495 1559 1548 cessit:
1836 1508 1909 1549 415

202 1570 452 1625 Entellus
489 1570 621 1623 viris
656 1570 712 1623 in
749 1574 971 1625 ventum
1008 1571 1217 1638 effudit,
1256 1575 1315 1624 et
1348 1569 1495 1623 ultro

199 1648 327 1716 Ipse
361 1647 548 1717 gravis
581 1647 936 1717 graviterque
952 1648 1044 1702 ad
1077 1645 1289 1702 terram
1322 1645 1565 1716 pondere
1602 1650 1755 1700 vasto

198 1725 480 1779 Concidit:
516 1726 581 1777 ut
615 1724 888 1793 quondam
924 1742 1056 1779 cava
1092 1725 1330 1779 concidit
1364 1728 1463 1777 aut
1500 1722 1849 1793 Erymantho,

199 1804 316 1855 Aut
355 1801 464 1854 Ida
497 1800 554 1853 in
589 1816 800 1868 magna,
835 1801 1111 1854 radicibus
1148 1805 1307 1855 eruta
1341 1802 1513 1869 pinus.

197 1878 552 1945 Consurgunt
587 1876 784 1929 studiis
821 1876 1014 1931 Teucri
1049 1881 1109 1930 et
1145 1877 1423 1931 Trinacria
1457 1876 1659 1946 pubes3
1834 1890 1907 1931 450

201 1954 254 2007 It
288 1954 498 2007 clamor
533 1952 697 2020 caele,
733 1953 1052 2022 primusque
1088 1954 1323 2006 accurrit
1362 1955 1609 2022 Acestes,

198 2031 671 2099 Aequaevumque
707 2028 778 2081 ab
811 2028 977 2083 humo
1012 2030 1277 2083 miserans
1312 2030 1517 2084 attollit
1552 2030 1797 2085 amicum.

197 2108 275 2160 At
312 2122 423 2159 non
458 2104 716 2159 tardatus
749 2120 880 2159 casu
913 2121 1095 2174 neque
1124 2105 1355 2159 'territus
1390 2104 1551 2159 heros

197 2183 395 2236 Acrior
431 2181 506 2235 ad
541 2175 779 2250 pugnam
815 2182 978 2249 redit,
1013 2198 1078 2235 ac
1114 2182 1224 2235 vim
1260 2182 1487 2236 suscitat
1523 2183 1617 2235 ira.

194 2259 332 2313 Tum
367 2258 551 2328 pudor
583 2258 826 2313 incendit
862 2258 991 2312 viris
1027 2263 1088 2313 et
1122 2258 1337 2311 conscia
1370 2259 1557 2324 virtuS‚
1832 2271 1906 2311 455

197 2335 676 2405 Praecipitemque
713 2334 896 2387 Daren
933 2334 1134 2387 ardens
1170 2334 1307 2401 agit
1322 2350 1558 2402 aequore
1594 2312 1725 2399 tote,

193 2411 356 2464 Nunc
390 2410 592 2464 dextra
625 2410 964 2477 ingeminans
997 2412 1154 2479 ictuS,
1191 2427 1333 2464 nunc
1367 2411 1457 2464 ille
1494 2411 1739 2477 sinistra;

193 2487 312 2541 Nec
349 2503 518 2553 mora,
555 2504 656 2540 nec
691 2487 935 2556 requies:
973 2504 1136 2556 quam
1175 2486 1363 2541 multa
1384 2488 1652 2555 grandine
1686 2488 1859 2543 nimbi

191 2563 538 2617 Culminibus
574 2563 862 2632 crepitant,
899 2564 976 2617 sic
1013 2563 1197 2617 densis
1232 2562 1433 2617 ictibus
1466 2563 1628 2617 heros

195 2639 404 2693 Creber
440 2642 676 2709 utraque
713 2656 876 2693 manu
912 2640 1098 2709 pulsat
1132 2642 1427 2709 versatque
1464 2638 1683 2693 Dareta.
1832 2652 1905 2692 46⁰

192 2715 334 2769 Tum
368 2719 532 2785 pater
569 2718 786 2769 Aeneas
820 2716 1122 2785 procedere
1157 2716 1368 2783 longius
1403 2716 1514 2769 iras

193 2790 265 2846 Et
303 2792 516 2846 saevire
551 2792 747 2845 animis
787 2793 1062 2846 Entellum
1098 2792 1248 2845 haud
1282 2808 1475 2860 passus
1509 2791 1747 2858 acerbis3

191 2868 306 2922 Sed
342 2869 510 2922 finem
546 2867 787 2936 inposuit
821 2886 1051 2938 pugnae,
1089 2869 1401 2935 fessumque
1438 2868 1645 2921 Dareta

193 2944 428 3014 Eripuit,
465 2943 709 2998 mulcens
745 2945 924 3010 dictis,
960 2962 1024 2997 ac
1058 2944 1194 2997 talia
1228 2944 1401 2997 fatur:

193 3020 410 3087 Infelix,
451 3036 592 3090 quae
627 3024 787 3075 tanta
821 3021 1061 3073 animum
1100 3018 1378 3072 dementia
1412 3017 1591 3085 cepit?
1830 3028 1905 3067 m

193 3098 316 3151 Non
355 3098 488 3151 viris
523 3096 676 3151 alias-
695 3110 1061 3161 conversaque
1098 3094 1321 3145 numina
1356 3091 1557 3153 sentis?
1812 3106 1817 3111 ·

192 3174 343 3229 Cede
353 3174 500 3292 ¹icc.
576 3172 844 3241 Dixitque
877 3174 938 3223 et
971 3168 1180 3237 proelia
1211 3182 1343 3221 voce
1378 3164 1617 3219 diremit.
