2163 3401
189 81 248 127 41
660 81 716 128 P.
758 80 803 126 V
814 78 1069 129 ERGILI
1105 80 1367 129 MARON
1375 81 1440 129 IS

185 157 332 211 Rara
368 158 443 211 sit
478 172 548 212 an
586 174 755 227 supra
786 174 1000 213 morem
1036 158 1102 213 si
1119 158 1298 215 densa
1329 161 1596 230 requires,

185 234 383 289 Altera
416 234 709 289 frumentis
742 235 1001 323 quoniam
1038 236 1219 305 favet,
1243 236 1420 291 altera
1457 236 1690 311 Baccho,

183 310 369 365 Densa
401 310 576 378 magis
614 311 820 377 Cereri,
856 312 1140 366 rarissima
1175 329 1430 382 quaeque
1471 313 1694 382 Lyaeo:

185 390 337 442 Ante
371 388 549 440 locum
583 387 767 456 capies
806 387 991 454 oculis,
1030 388 1253 458 alteque
1289 388 1508 443 iubebis
1597 438 1602 441 .
1835 406 1916 448 m

186 465 253 519 In
288 463 461 518 solido
498 470 727 534 puteum
764 462 1003 530 demitti,
1038 481 1366 534 omnemque
1403 482 1635 535 repones
1711 500 1718 505 -

184 542 397 595 Rursus
433 541 675 609 humum,
712 544 771 595 et
806 539 1043 609 pedibus
1080 558 1322 595 summas
1357 541 1621 611 aequabis
1653 556 1866 607 arem

184 618 243 672 Si
278 618 549 685 deerunt‚·
567 632 767 685 rar-um,
805 618 1102 687 pecorique
1137 621 1196 671 et
1231 616 1436 673 vitibus
1472 618 1630 673 almis

184 695 388 762 Aptius
422 693 561 747 uber
596 694 739 760 erit;
770 693 860 747 sin
893 693 951 746 iu
988 710 1092 747 sua
1123 710 1286 762 posse
1325 692 1605 763 negabunt
1671 708 1674 713 ·

185 770 279 825 Ire
310 770 429 825 loca
463 773 521 824 et
556 770 841 825 scrobibus
874 768 1158 840 superabit
1193 773 1345 824 terra
1379 770 1624 839 repletis,
1825 786 1901 828 ne

182 846 401 915 Spissus
435 864 596 915 agcr3
629 846 851 915 glaebas
888 846 1200 900 cunctantis
1235 862 1528 915 crassaque
1563 850 1724 917 terga

183 922 470 993 Exspecta,
510 927 568 978 et
602 923 797 977 validis
830 927 1038 978 terram
1074 923 1364 992 proscinde
1399 922 1651 977 iuvencis.

181 998 334 1053 Salsa
368 1003 552 1053 autem
588 1000 754 1053 telius
790 1000 849 1054 et
883 1016 1025 1069 quae
1058 998 1386 1068 perhibetur
1417 1015 1672 1053 amara-

183 1075 459 1144 Frugibus
492 1075 684 1128 infelix
718 1092 799 1138 ea,
828 1092 933 1129 nec
968 1074 1300 1131 mansuescit
1333 1074 1551 1143 arando,

180 1151 233 1204 N
234 1167 299 1206 ec
323 1152 539 1205 Baccho
562 1168 751 1220 genus,
778 1155 879 1206 aut
902 1152 1081 1221 pomis
1105 1168 1208 1205 sua
1229 1151 1452 1207 nomina
1473 1156 1718 1208 servat—
1829 1168 1903 1208 κο

180 1228 310 1283 Tale
344 1228 501 1283 dabit
536 1228 851 1297 specimen:
886 1228 971 1281 Tu
1004 1228 1181 1299 spisso
1217 1228 1418 1283 vimine
1451 1227 1657 1297 qualos,

180 1304 419 1374 Golaque
454 1305 733 1373 prelorum
756 1304 1002 1359 fumosis
1039 1304 1234 1375 deripe
1271 1304 1460 1369 tectis;

181 1380 307 1435 Huc
343 1397 475 1449 ager
509 1380 601 1435 ille
637 1381 814 1435 malus
852 1378 1152 1449 dulcesque
1189 1398 1224 1435 a
1259 1380 1498 1435 fontibus
1533 1380 1712 1436 undae

178 1457 273 1510 Ad
307 1457 528 1527 plenum
565 1458 873 1522 calceatum
908 1473 1055 1526 aqua
1093 1456 1426 1512 eluctabitur
1459 1456 1636 1511 omnis

177 1532 411 1601 Scilicet,
450 1538 508 1589 et
542 1533 782 1604 grandes
816 1532 979 1590 ibunt
1014 1550 1114 1603 per
1153 1533 1358 1587 vimina
1391 1536 1614 1601 guttam
1824 1548 1900 1589 ω

178 1610 259 1664 At
295 1628 453 1681 sapor
488 1611 749 1668 indicium
786 1610 949 1665 faciet
985 1611 1322 1677 manifestus,
1359 1613 1420 1664 et
1453 1625 1550 1665 ora

176 1686 377 1742 Tristia
411 1691 780 1757 temptantum
816 1705 982 1744 seusu
1017 1686 1302 1757 torquebit
1327 1703 1533 1742 amaro.

176 1763 401 1832 Pinguis
436 1764 571 1818 item
608 1782 751 1834 quae
786 1766 861 1820 sit
896 1763 1079 1830 tellus,
1116 1763 1218 1817 hoc
1255 1762 1492 1832 denique
1525 1766 1687 1832 pacto

174 1836 473 1896 hiscimus:
507 1840 657 1896 haud
694 1857 956 1911 umquam
992 1839 1244 1894 manibus
1279 1839 1488 1894 iactata
1521 1839 1742 1907 fatiscit,
1776 1891 1782 1896 ,

172 1915 284 1970 Sed
317 1916 455 1986 picis
488 1918 547 1970 in
583 1934 787 1986 morem
824 1918 897 1972 ad
933 1917 1136 1985 digitos
1171 1915 1426 1970 lentescit
1458 1914 1725 1970 habendo.
1822 1932 1898 1972 aso

174 1991 420 2048 Humida
454 1995 688 2048 maiores
725 1994 926 2049 herbas
960 1993 1075 2061 alit,
1113 1994 1342 2063 ipsaque
1377 1993 1521 2046 iusto
1614 2045 1620 2052 ,

172 2068 408 2123 Laetior.
484 2069 575 2123 Ah
613 2070 841 2124 nimium
875 2087 947 2125 ne
984 2070 1057 2123 sit
1094 2069 1228 2126 mihi
1262 2068 1462 2124 fertilis
1497 2066 1606 2136 illa,

172 2144 295 2199 Neu
330 2162 389 2199 se
424 2146 793 2215 praevalidam
831 2146 1023 2216 primis
1058 2144 1316 2200 ostendat
1350 2144 1570 2198 aristis!

172 2221 324 2286 Quae
358 2223 541 2290 gravis
579 2226 681 2287 est,
716 2223 847 2291 ipso·
870 2223 1094 2276 tacitam
1133 2237 1193 2274 se
1227 2219 1472 2290 pondere
1507 2217 1710 2289 prodit,

171 2296 435 2368 Quaeque
482 2297 637 2354 levis.
711 2297 1034 2367 Promptum
1083 2301 1171 2352 est
1215 2296 1384 2352 oculis
1423 2294 1772 2365 praediscere
1813 2296 1890 2348 ni

308 2389 483 2441 gram,
1819 2385 1891 2426 κε

169 2447 241 2504 Et
276 2449 399 2520 quis
435 2449 524 2503 cui
558 2448 719 2503 color.
795 2451 875 2504 At
910 2450 1238 2506 sceleratum
1275 2448 1566 2518 exquirere
1602 2421 1778 2517 frigus

169 2521 398 2581 Difficile
434 2529 554 2581 est:
587 2526 774 2595 piceae
800 2529 1016 2580 tantum
1052 2527 1280 2596 taxique
1314 2527 1572 2584 nocentes

167 2601 459 2657 Interdum
496 2606 596 2657 aut
628 2602 867 2658 hederae
902 2602 1154 2672 pandunt
1189 2601 1422 2669 vestigia
1460 2601 1661 2668 nigrae.

234 2678 341 2732 His
375 2679 783 2746 animadversis,
820 2682 1029 2735 terram
1067 2679 1240 2734 multo
1277 2681 1407 2732 ante
1442 2677 1724 2732 memento

169 2753 485 2822 Excoquere
522 2759 579 2808 et
616 2772 845 2823 magnos
880 2754 1164 2810 scrobibus
1203 2753 1488 2808 concidere
1522 2751 1740 2817 mentiz,
1813 2765 1887 2807 no

166 2828 315 2883 Ante
350 2830 629 2896 supinatas
666 2833 907 2900 aquiloni
942 2830 1240 2886 ostendere
1273 2828 1512 2898 glaebas,

164 2902 339 2967 Quam
374 2904 581 2958 laetum
617 2905 847 2960 infodias
885 2909 1011 2962 vitis
1046 2924 1233 2976 genus.
1307 2904 1550 2973 Optuma
1581 2903 1736 2973 putri

164 2979 316 3032 Arva
349 2979 495 3033 solo:
530 2978 589 3031 id
628 2983 778 3034 venti
812 2986 1005 3037 curant
1038 2981 1366 3051 gelidaeque
1402 2979 1630 3049 [ruinae

164 3052 235 3108 Et
269 3054 537 3109 labefacta
571 3071 791 3110 movens
825 3059 1085 3114 robustus
1119 3059 1314 3126 iugera
1343 3057 1531 3111 fossor.

164 3129 258 3194 At,
293 3131 340 3184 si
377 3145 516 3200 quos
551 3130 698 3186 haud
731 3133 845 3188 nlla
879 3134 1025 3188 viros
1061 3133 1343 3203 vigilantia
1377 3131 1540 3200 fugit,
1811 3145 1884 3186 285
