2163 3401
791 60 1161 152 AENEIDoS
1194 104 1331 153 LIB.
1370 104 1470 154 IX.
1896 108 1991 159 247

281 181 566 253 [Vertitur
600 201 754 238 arma
788 188 998 253 tenens,
1036 188 1096 239 et
1130 189 1249 239 toto
1284 187 1489 241 vertice
1526 202 1693 255 supra
1728 187 1856 258 estJ.

283 260 402 314 Ceu
439 264 652 328 septem
688 278 918 328 surgens
954 262 1164 315 sedatis
1200 263 1448 316 amnibus
1484 263 1629 316 altus
1942 280 1995 319 so

284 336 394 390 Per
429 338 660 390 tacitum
698 338 930 405 (}a11ge8‚
967 342 1063 392 aut
1098 339 1288 407 pingui
1326 339 1547 393 flumine
1586 339 1745 393 Nilus

283 412 425 467 Cum
461 412 646 467 refluit
681 414 886 482 campis
921 417 980 468 et
1014 414 1123 467 iam
1158 432 1219 469 se
1254 415 1501 469 condidit
1536 416 1703 470 alve0.

284 487 396 543 Hic
433 489 672 543 subitam
709 490 865 557 nigro
900 490 1193 557 glomerari
1228 491 1455 560 pulvere
1490 491 1692 546 nubem

286 565 634 634 Prospiciunt
668 566 882 634 Teucri,
917 583 981 619 ac
1015 567 1274 621 tenebras
1309 568 1594 636 insurgere
1629 570 1849 638 campis.

285 641 504 695 Primus
541 642 612 696 ab
646 642 878 697 adversa
911 643 1213 697 conclamat
1249 645 1390 698 mole
1427 644 1649 700 Caicus:
1942 664 1991 701 εἴ

285 718 420 783 Quis
457 719 667 787 globus,
704 736 737 771 o
773 718 934 786 cives,
969 720 1201 787 caligine
1236 720 1477 774 volvitur
1511 725 1661 776 atra!

285 796 454 850 Ferte
488 796 587 849 citi
621 796 847 863 ferrum,
883 795 1014 850 date
1049 796 1175 861 tela,
1211 795 1492 850 ascendite
1528 813 1732 853 muros.

288 873 484 926 Hostis
519 872 692 938 adest,
728 872 882 926 heia!
925 872 1148 940 Ingenti
1182 871 1419 925 clamore
1454 888 1556 940 per
1592 874 1767 927 omnis

285 948 547 1002 Condunt
581 965 643 1003 se
679 948 872 1002 Teucri
909 953 1113 1018 portas,
1151 951 1209 1002 et
1244 948 1460 1002 moenia
1494 948 1765 1017 conplent.

283 1024 541 1092 Namque
576 1025 656 1078 ita
689 1024 980 1078 discedens
1013 1026 1375 1093 praeceperat
1410 1026 1668 1092 optumus
1702 1027 1869 1080 armis
1940 1041 1989 1079 ω

287 1103 532 1153 Aeneas:
571 1101 616 1153 si
652 1117 764 1169 qua
799 1101 1012 1154 interea
1045 1100 1267 1153 fortuna
1302 1099 1514 1167 fuisset,
1884 1114 1897 1125 ·

287 1177 411 1230 Neu
447 1180 664 1230 struere
700 1177 971 1230 auderent
1006 1176 1193 1240 aciem,
1232 1192 1341 1229 neu
1376 1176 1604 1231 eredere
1636 1194 1859 1248 campo;

284 1254 480 1308 Castra
514 1253 678 1307 modo
712 1256 772 1307 et
806 1256 959 1307 tutos
995 1254 1281 1305 servarent
1316 1268 1521 1319 aggere
1556 1270 1756 1309 muros.

285 1331 449 1398 Ergo,
487 1329 593 1383 etsi
628 1330 877 1383 conferre
912 1344 1135 1382 manum
1170 1328 1347 1396 pudor
1382 1329 1574 1396 iraque
1608 1335 1892 1398 monstrat,

282 1406 568 1459 Obiieiunt
601 1410 790 1475 portas
825 1409 1010 1459 tamen
1046 1407 1107 1458 et
1142 1408 1435 1472 praecepta
1470 1404 1760 1473 facessunt,
1940 1422 1989 1457 45

283 1484 618 1550 Armatique
653 1482 798 1535 cavis
835 1484 1155 1549 exspectant
1189 1478 1438 1533 turribus
1471 1479 1703 1535 hostem.

281 1560 511 1627 Turnus,
547 1562 611 1612 ut
646 1563 776 1612 aute
811 1559 996 1611 voians
1029 1557 1250 1609 tardum
1287 1558 1660 1623 praecesserat
1692 1572 1907 1623 agmen,

282 1636 501 1704 Viginti
540 1635 697 1689 lectis
733 1634 979 1704 equitum
1015 1632 1311 1686 comitatus
1347 1633 1406 1684 et
1440 1629 1565 1682 urbi

283 1713 605 1783 Inprovisus
641 1712 830 1776 adest3
865 1709 1091 1763 maculis
1128 1725 1287 1776 quem
1328 1706 1589 1761 Thracius
1623 1705 1761 1762 albis

283 1788 481 1842 Portat
517 1804 706 1856 equus,
744 1787 1022 1854 cristaque
1059 1784 1203 1851 tegit
1236 1783 1394 1852 galea
1428 1799 1596 1836 aurea
1628 1783 1810 1837 rubra.
1940 1801 1989 1839 σο

283 1865 487 1934 Ecquis
518 1863 642 1925 erit,
672 1878 900 1928 mecum,
929 1860 1171 1926 iuvenes,
1203 1859 1297 1928 qui
1331 1859 1541 1928 primus
1571 1858 1629 1912 in
1652 1858 1937 1914 hostem-
1966 1862 1987 1916 'i

282 1941 382 2007 En,
419 1941 512 1994 ait.
587 1939 659 1992 Et
694 1937 931 1991 iaculum
965 1938 1293 2004 attorquens
1327 1935 1535 1989 emittit
1568 1935 1625 1989 in
1658 1953 1835 2004 auras,

283 2016 616 2086 Principium
653 2029 884 2083 pugnae,
922 2016 981 2065 et
1016 2027 1209 2080 campo
1244 2027 1365 2066 sese
1400 2011 1607 2065 arduus
1641 2011 1823 2067 infert.

282 2093 537 2147 Clamore
573 2090 852 2159 excipiunt
887 2089 1033 2155 socii,
1066 2087 1405 2154 fremituque
1439 2091 1747 2154 sequuntur

285 2170 590 2223 Horrisono
614 2189 627 2231 ;
664 2167 932 2219 Teucrum
969 2165 1242 2217 mirantur
1276 2162 1477 2215 inertia
1510 2161 1703 2216 corda:
1942 2181 1991 2219 55

282 2246 334 2298 N
337 2263 408 2298 on
445 2260 622 2312 aequo
659 2243 792 2295 dare
826 2257 885 2294 se
920 2255 1129 2308 campo,
1164 2255 1270 2291 non
1306 2237 1467 2291 obvia
1502 2237 1647 2290 ferre

285 2324 459 2375 Arma
482 2320 643 2387 virOS,
671 2318 768 2371 sed
792 2321 971 2371 castra
994 2316 1193 2369 fovere.
1251 2314 1377 2368 Huc
1400 2311 1656 2365 turbidus
1683 2318 1853 2382 atque
1882 2313 1988 2368 huc

281 2399 511 2452 Lustrat
528 2408 689 2465 ‘equo
725 2410 925 2461 muros,
961 2391 1287 2458 aditumque
1322 2406 1423 2458 per
1456 2387 1577 2441 avia
1612 2389 1851 2456 quaerit.

283 2476 369 2528 Ac
404 2471 576 2526 veluti
610 2471 772 2540 pleno
809 2469 970 2538 lupus
1005 2466 1299 2520 insidiatus
1334 2465 1459 2518 ovili

282 2550 420 2604 Cum
457 2547 647 2600 fremit
682 2545 754 2599 ad
789 2545 987 2611 caulas,
1024 2546 1218 2596 ventos
1253 2557 1549 2611 perpessus
1584 2544 1644 2595 et
1682 2540 1890 2607 imbris,
1942 2556 1993 2593 eo

280 2626 457 2680 Nocte
493 2639 660 2691 super
693 2621 904 2685 media3
939 2619 1050 2674 tuti
1088 2619 1191 2673 sub
1226 2617 1497 2672 matribus
1532 2619 1659 2685 agni

281 2703 539 2755 Balatum
574 2700 864 2761 exercent3
897 2696 989 2750 ille
1026 2712 1189 2764 asper
1224 2699 1282 2749 et
1318 2693 1581 2764 inprobus
1615 2693 1695 2746 ira

280 2777 467 2832 Saevit
501 2775 560 2828 in
595 2773 869 2838 absentis3
905 2773 1134 2826 collecta
1168 2772 1366 2840 fatigat
1401 2769 1605 2825 edendi

285 2855 369 2908 Ex
405 2853 569 2920 longo
606 2850 801 2916 rabies,
838 2853 896 2904 et
933 2849 1108 2903 siccae
1142 2849 1405 2916 sanguine
1438 2849 1650 2902 fauces:

287 2929 460 2985 Haud
496 2928 658 2982 aliter
695 2925 902 2979 Rutulo
938 2941 1125 2978 muros
1162 2928 1220 2979 et
1254 2928 1435 2978 castra
1469 2923 1651 2978 tuenti
1944 2935 1995 2975 σε

281 3007 584 3076 Ignescunt
619 3003 765 3078 irae3
803 3000 958 3055 duris
993 3001 1150 3054 dolor
1184 3001 1399 3070 ossibus
1434 3001 1611 3066 ardet,

279 3084 401 3149 Qua
436 3083 675 3148 temptet
710 3078 925 3131 ratione
959 3077 1161 3144 aditus,
1199 3080 1258 3131 et
1292 3091 1435 3144 quae
1470 3076 1559 3129 via
1594 3075 1807 3128 clausos

278 3157 545 3214 Excutiat
581 3156 820 3209 Teucros
855 3152 998 3206 vallo
1033 3155 1205 3220 atque
1240 3151 1489 3206 effundat
1524 3152 1581 3204 in
1616 3162 1871 3217 aequum.
