2163 3401
724 112 1094 160 AENEIDOS
1127 112 1262 162 LIB.
1300 113 1435 163 XII.
1859 118 1951 167 317

249 192 453 245 Oblato
490 192 737 259 gaudens
772 193 1001 261 conponi
1037 193 1261 248 foedere
1295 194 1514 250 bellum.

246 269 389 321 Tum
426 268 597 320 socios
636 269 939 337 111.tcstique
976 273 1186 323 metum
1221 271 1430 325 solatur
1467 271 1592 339 Iuli,
1883 288 1955 327 110

248 344 393 397 Fata
428 344 645 407 docens,
680 345 907 413 regique
944 344 1098 399 iubet
1134 363 1392 415 responsa
1429 348 1628 402 Latino

248 421 422 474 Certa
458 420 665 473 referre
700 421 861 487 vir05,
900 424 957 474 et
992 423 1141 489 pacis
1177 422 1360 475 dicere
1395 424 1558 493 leges.

326 497 555 549 Postera
590 497 681 549 vix
718 514 959 551 summos
996 500 1291 567 spargebat
1325 500 1530 555 lumine
1565 502 1768 557 montis

248 573 393 625 Orta
428 573 561 638 dies,
595 590 719 627 cum
754 574 993 643 primum
1028 575 1142 629 alto
1178 593 1238 629 se
1273 578 1492 645 gurgite
1527 578 1728 632 tollunt

248 648 395 701 Solis
432 650 575 718 equi,
611 649 895 719 lucemque
931 650 1090 705 elatis
1125 651 1349 705 naribus
1386 653 1584 717 efflant,
1880 669 1951 709 115

249 725 518 793 Campum
553 725 626 779 ad
661 728 938 779 certamen
972 743 1203 795 magnae
1239 728 1341 781 sub
1377 730 1662 783 moenibus
1696 729 1850 783 urbis

250 801 500 855 Dimensi
537 801 840 871 Rutulique
874 802 979 856 viri
1016 804 1320 873 Teucrique
1355 806 1637 873 parabant,

252 877 327 929 In
361 876 648 945 medioque
684 874 843 931 focos'
866 882 925 932 et
960 878 1047 931 dis
1084 879 1460 933 communibus
1495 898 1618 935 aras

250 952 587 1007 Gramineas.
658 953 773 1007 Alii
808 954 1125 1023 fontemque
1161 955 1454 1023 ignemque
1487 953 1755 1023 ferebant,¹

250 1028 441 1082 Velati
475 1029 617 1096 limo,
655 1033 713 1085 et
748 1029 985 1085 verbena
1020 1034 1273 1100 tempora
1307 1032 1491 1086 vincti.
1878 1048 1950 1086 120

248 1104 513 1160 Procedit
547 1106 691 1174 legio
728 1107 1087 1170 Ausonidum,
1122 1106 1403 1176 pilataque
1439 1108 1617 1176 plenis

248 1181 493 1248 Agmina
526 1198 587 1235 se
619 1181 858 1235 fundunt
892 1184 1088 1251 portis.
1161 1182 1310 1237 Hinc
1347 1183 1537 1237 Troius
1572 1184 1748 1238 omnis

246 1256 672 1326 Tyrrhenusque
707 1258 821 1311 ruit
855 1258 1020 1312 variis
1056 1260 1332 1313 exercitus
1366 1261 1548 1329 armiS‚

248 1331 424 1385 Haud
459 1348 614 1386 secus
648 1334 905 1387 instructi
940 1333 1101 1397 ferm,
1137 1352 1301 1403 quam
1338 1335 1384 1388 si
1420 1352 1614 1405 aspera
1649 1337 1848 1391 Martis

246 1409 447 1475 Pugna
479 1414 652 1464 vocet.
722 1410 775 1463 N
778 1426 841 1463 ec
877 1427 984 1464 non
1018 1411 1218 1465 mediis
1252 1411 1309 1465 in
1344 1411 1566 1465 milibus
1599 1412 1705 1480 ipsi
1878 1427 1949 1466 125

246 1484 523 1539 Ductores
558 1503 692 1541 auro
727 1486 957 1540 volitant
992 1490 1254 1555 ostroque
1291 1486 1528 1555 superbi,

244 1562 329 1614 Et
361 1578 533 1628 genus
570 1563 827 1617 Assaraci
862 1563 1198 1632 MnestheuS,
1235 1568 1293 1618 et
1327 1564 1484 1618 fortis
1521 1563 1721 1633 Asilas,

244 1638 327 1690 Et
362 1637 645 1707 Messapus
682 1655 885 1708 equum
920 1638 1173 1709 domitor,
1210 1638 1263 1692 N
1267 1640 1491 1710 eptunia
1524 1640 1718 1710 proles,

245 1714 443 1782 thue
480 1714 610 1768 dato
646 1716 801 1784 signo
838 1716 1014 1785 spatia
1049 1716 1106 1770 in
1143 1733 1241 1770 sua
1277 1717 1510 1785 quisque
1544 1716 1785 1785 recessit,

245 1790 517 1858 Defigunt
552 1791 735 1845 telluri
772 1792 958 1845 hastas
993 1795 1051 1846 et
1087 1795 1245 1846 scuta
1280 1793 1560 1847 reclinant.
1869 1805 1942 1848 130

246 1867 389 1919 Tum
428 1867 612 1920 studio
647 1867 851 1921 effusae
886 1871 1094 1922 matres
1130 1871 1189 1922 et
1224 1867 1414 1936 volgus
1449 1867 1718 1922 inermum

246 1941 600 2011 Invalidiquc
635 1959 793 1997 senes
828 1943 997 1996 turris
1033 1947 1092 1998 et
1127 1947 1278 1998 tecta
1312 1945 1596 2000 domorum

246 2017 551 2084 Obsedere,
587 2018 680 2072 alii
716 2018 891 2087 portis
928 2018 1254 2074 sublimibus
1290 2021 1527 2075 adstant.

322 2096 405 2147 At
444 2094 585 2148 Iuno
621 2110 652 2147 e
688 2111 914 2163 summo,
951 2095 1046 2164 qui
1083 2112 1225 2149 nunc
1263 2096 1513 2150 Albanus
1547 2096 1868 2166 habetur,—

244 2171 389 2224 Tum
411 2187 592 2238 neque
617 2187 813 2224 nomen
839 2174 960 2224 erat
983 2188 1084 2225 nec
1108 2171 1278 2225 honos
1303 2175 1400 2227 aut
1423 2171 1598 2239 gloria
1619 2173 1864 2227 monti-

246 2247 597 2314 Prospiciens
617 2246 829 2300 tumulo
854 2263 1105 2316 campum
1131 2246 1451 2316 aspectabat
1475 2250 1533 2300 et
1557 2246 1744 2301 ambas
1879 2263 1951 2300 136

246 2323 591 2376 Laurentum
629 2323 938 2392 Troumque
973 2324 1117 2377 acies
1153 2324 1455 2393 urbemque
1492 2321 1694 2400 Latini.

250 2398 545 2466 Extemplo
581 2398 749 2452 Turni
785 2398 862 2452 sic
898 2401 984 2452 est
1020 2399 1208 2452 adfata
1244 2415 1498 2468 sororem,

248 2474 391 2527 Diva
427 2474 601 2542 deam,
639 2474 846 2543 stagnis
883 2491 1025 2543 quae
1060 2474 1487 2544 fluminibusque
1521 2474 1736 2529 sonoris

246 2549 568 2616 Praesidet3
602 2550 747 2605 hunc
780 2550 862 2604 illi
896 2567 996 2604 rex
1031 2551 1272 2604 aetheris
1310 2551 1455 2604 altus
1489 2550 1751 2604 honorem
1879 2566 1950 2604 ιω

246 2625 505 2695 Iuppiter
538 2630 731 2695 erepta
762 2642 863 2694 pro
898 2627 1217 2694 virginitate
1254 2627 1511 2682 sacravit:

244 2701 520 2771 Nympha,
556 2702 723 2756 decus
757 2701 1058 2770 fluviorum,
1097 2703 1278 2756 animo
1313 2702 1626 2772 gratissima
1658 2706 1860 2769 nostro,

246 2777 378 2844 Scis,
412 2782 479 2833 ut
511 2781 571 2832 te
603 2779 814 2832 cunctis
847 2794 1026 2846 unam,
1064 2795 1442 2849 quaecumque
1478 2779 1708 2833 Latinae

244 2853 586 2922 Magnanimi
621 2854 767 2908 Iovis
801 2855 1077 2922 ingratum
1113 2855 1407 2910 ascendere
1441 2854 1634 2921 cubile,

244 2929 629 2998 Praetulerim,
665 2929 911 3000 caelique
946 2929 1125 2985 libens
1160 2931 1217 2984 in
1251 2934 1412 2999 parte
1447 2929 1694 2983 locarim:
1876 2943 1948 2981 145

241 3005 414 3059 Disce
449 3008 623 3074 tuum,
657 3022 727 3060 ne
762 3023 851 3060 me
886 3007 1115 3074 incuses,
1153 3007 1399 3071 Iuturna,
1437 3002 1693 3058 dolorem.

242 3081 370 3144 Qua
403 3081 524 3134 visa
557 3084 646 3135 est
678 3081 901 3135 fortuna
934 3081 1054 3150 pati
1091 3081 1404 3148 Parcaeque
1438 3077 1692 3131 sinebant

244 3156 460 3210 Cedere
494 3172 587 3211 res
625 3156 798 3222 Lati0‚
836 3156 1075 3209 Turnum
1113 3158 1172 3208 et
1205 3157 1304 3207 tua
1336 3151 1552 3205 moenia
1587 3153 1730 3206 texi:
