2163 3401
789 74 1158 124 Annmnos
1203 76 1345 126 Lm.
1384 76 1471 124 vz.
1514 121 1519 125 ,
1888 64 1983 129 189.

283 153 445 209 Idem
479 158 573 209 ter
605 154 778 209 socios
810 172 951 224 pura
985 156 1317 211 circumtulit
1350 156 1515 225 andeg

281 232 560 301 Spargens
589 246 720 287 rore
752 231 862 286 levi
895 235 956 286 et
989 248 1141 287 ramo
1175 233 1347 288 felicis
1364 233 1569 301 olivae,
1916 246 1991 289 ω

279 308 678 377 Lustravitque
711 310 874 378 viros,
914 309 1165 378 dixitque
1199 310 1491 365 novissima
1524 310 1705 366 verba.

279 386 364 440 At
395 385 523 454 pius
560 388 780 439 Aeneas
812 385 1026 453 ingenti
1059 386 1205 441 mole
1240 387 1587 455 sepulchrum

279 461 522 531 Inponit,
559 476 764 530 suaque
798 478 952 515 arma
985 462 1102 516 viro
1136 478 1457 531 remumque
1492 464 1811 533 tubamque,

277 537 472 593 Monte
508 537 610 592 sub
644 540 808 605 aeri0‚
843 540 941 607 qui
975 554 1117 593 nunc
1152 539 1393 593 Misenus
1428 539 1499 593 ab
1534 540 1627 593 illo

275 615 510 684 Dicitur,
545 619 940 685 aeternumque
963 618 1133 671 ‘tenet
1165 632 1267 685 per
1302 617 1515 671 saccula
1547 634 1761 671 nomen.
1912 633 1986 673 2³5

346 694 454 747 llis
490 692 628 746 actis
661 708 896 762 propere
931 692 1253 761 exsequitur
1287 697 1578 761 praecepta
1613 693 1864 761 Sibyllae.

275 770 548 839 Spelunca
583 770 698 824 alta
728 769 836 823 fuit
869 773 1139 838 vastoque
1170 768 1402 823 inmanis
1436 769 1606 836 hiatu,

274 844 532 915 Scrupea,
569 850 695 900 tuta
729 846 850 899 lacu
882 846 1040 914 nigro
1073 860 1469 915 nemorumque
1504 847 1765 913 tenebris,

275 922 451 987 Quam
488 938 655 991 super
689 923 838 977 haud
872 922 1016 976 ullae
1049 926 1312 991 poterant
1343 924 1547 993 inpune
1583 924 1830 977 volantes

273 1000 528 1053 Tendere
555 1000 672 1052 iter
705 1000 923 1069 pennis:
961 1000 1089 1053 talis
1124 1011 1243 1053 sese
1278 999 1481 1055 halitus
1514 999 1653 1053 atris
1910 1014 1984 1055 240

274 1076 548 1131 Faucibus
581 1074 866 1131 effundens
899 1080 1098 1145 supera
1132 1077 1205 1131 ad
1240 1089 1479 1131 convexa
1511 1076 1750 1131 ferebat:

271 1151 464 1223 [Unde
497 1151 677 1206 locum
715 1153 866 1207 Graii
901 1154 1163 1208 dixerunt
1196 1154 1415 1207 nomine
1452 1152 1715 1223 Acmon]

273 1230 551 1293 Quattuor
585 1228 672 1282 hic
707 1230 945 1298 primum
980 1230 1251 1298 nigrantis
1284 1233 1443 1298 terga
1477 1231 1731 1284 iuvencos

271 1306 576 1361 Constituit
611 1306 888 1375 frontique
924 1307 1163 1375 invergit
1196 1307 1321 1360 vina
1356 1307 1623 1373 sacerdos,

270 1383 346 1437 Et
381 1396 624 1437 summas
657 1398 885 1452 carpens
920 1383 1105 1437 media
1137 1383 1285 1437 inter
1318 1397 1521 1436 cornua
1556 1386 1735 1437 saetas
1906 1399 1979 1437 245

272 1458 508 1527 Ignibus
541 1458 754 1529 inponit
789 1460 971 1526 sacrm,
1009 1459 1268 1513 libamina
1300 1460 1493 1528 prima,

269 1536 424 1591 Voce
455 1550 658 1589 vocans
695 1536 960 1603 Hecaten,
995 1536 1268 1605 Caeloque
1306 1534 1593 1604 Ereboque
1626 1539 1922 1621 potentem.

269 1612 601 1682 Supponunt
636 1611 728 1665 alii
763 1612 982 1677 cultros,
1018 1612 1383 1681 tepidumque
1418 1627 1667 1666 cruorem

271 1689 592 1759 Succipiunt
625 1689 844 1757 pateris.
921 1689 1050 1758 Ipse
1085 1690 1193 1743 atri
1229 1688 1445 1742 velleris
1480 1705 1677 1756 agnam

271 1769 497 1822 Aeneas
530 1767 696 1820 mati
735 1765 1098 1820 Eumenidum
1134 1781 1473 1838 magnaeque
1508 1766 1682 1820 sorori
1905 1782 1977 1822 2⁵⁰

270 1844 418 1898 Ense
452 1844 597 1909 ferit,
635 1843 990 1910 sterilemque
1025 1842 1142 1908 tibi,
1183 1843 1519 1911 Proserpina„
1554 1857 1785 1896 vaccam.

270 1921 409 1974 Tum
445 1921 637 1990 Stygio
671 1920 789 1988 regi
825 1923 1120 1973 nocturnas
1152 1917 1371 1974 inchoat
1393 1929 1543 1984 uras,
1632 1931 1635 1934 ’

267 1997 342 2052 Et
377 1996 556 2050 solida
590 1997 798 2064 inponit
833 1999 1117 2050 taurorum
1153 1996 1361 2050 viscera
1388 1995 1641 2058 'flammis⁹
1668 2009 1673 2014 ·

269 2075 484 2142 Pingue
519 2089 684 2141 super
718 2072 896 2126 oleum
929 2071 1222 2125 infundens
1258 2072 1577 2127 ardentibus
1612 2072 1771 2127 extis.

268 2150 410 2204 Ecce
445 2153 646 2216 autem,
681 2149 843 2218 primi
879 2147 984 2200 sub
1015 2149 1219 2202 lumina
1255 2148 1381 2202 solis
1416 2152 1474 2202 et
1508 2152 1662 2202 ortus
1902 2163 1975 2203 25⁵

265 2226 398 2282 Sub·
419 2225 655 2296 pedibus
689 2226 902 2294 mugire
937 2225 1125 2288 solum,
1157 2228 1222 2278 >et
1253 2225 1381 2292 iuga
1416 2228 1607 2292 coepta
1640 2223 1847 2277 moveri

266 2304 557 2370 Silvarum,
591 2303 847 2372 visaeque
881 2319 1043 2357 canes
1075 2301 1287 2354 ululare
1324 2315 1426 2369 per
1456 2299 1725 2365 umbram,

268 2381 631 2434 Adventante
665 2379 785 2432 dea.
858 2379 1052 2432 Procul
1091 2395 1139 2446 0,
1172 2377 1362 2448 procul
1397 2381 1535 2444 estc,
1568 2374 1799 2446 profani,

266 2457 591 2511 Conclamat
623 2459 792 2523 vateS‚
829 2459 1058 2525 totoque
1094 2455 1345 2508 absistite
1380 2454 1528 2518 luco;

265 2534 463 2603 Tuque
499 2531 696 2586 invade
730 2533 888 2599 viam,
927 2533 1232 2601 vaginaque
1269 2531 1421 2598 eripe
1456 2529 1693 2595 ferrum3
1902 2543 1974 2582 πω

265 2605 429 2664 Nunc
463 2610 656 2663 animis
689 2626 840 2682 opus,
881 2611 1085 2672 Aenea,
1119 2624 1262 2663 nunc
1295 2610 1519 2675 pectore
1553 2606 1729 2660 firmo·

264 2687 508 2742 Tantum
543 2687 718 2750 effata,
754 2687 942 2739 furens
978 2688 1139 2739 antro
1176 2701 1235 2737 sc
1269 2683 1475 2736 inmisit
1510 2687 1733 2750 apert03

267 2764 372 2818 Ille
410 2763 609 2818 ducem
642 2762 793 2816 haud
829 2760 1039 2815 timidis
1072 2760 1367 2814 vadentem
1400 2758 1651 2828 passibus
1685 2760 1901 2827 aequat.

329 2841 424 2908 Di,
487 2839 684 2910 quibus
742 2839 1012 2907 inperium
1055 2840 1158 2892 est
1229 2835 1548 2902 animarum,
1620 2834 1973 2904 Umbraeque

257 2995 338 3050 Et
378 2917 1062 3060 Chziobfnggs'l’hlegethon,
1096 2989 1216 3042 loca
1250 2992 1409 3042 noete
1444 2986 1683 3041 tacentia.
1717 2986 1845 3052 late,
1901 2997 1972 3037 2⁰3

255 3072 350 3126 Sit
387 3070 522 3124 mihi
555 3071 638 3123 fas
673 3068 860 3122 auditi
899 3066 1076 3134 loqui3
1116 3065 1190 3116 sit
1222 3063 1445 3116 numine
1480 3065 1665 3115 vestro

254 3147 526 3202 Pandere
552 3163 650 3200 res
685 3144 800 3198 alta
831 3147 984 3197 terra
1019 3145 1076 3195 et
1110 3140 1341 3208 caligine
1374 3150 1595 3192 mersas·

2113 3045 2123 3074 i
