2163 3401
783 122 1198 173 GEORGICON
1232 123 1371 174 LIB.
1406 120 1453 175 I.
1912 121 1969 175 2⁷

260 210 463 266 Elicit?
495 208 589 264 illa
622 209 824 263 cadens
859 221 1080 260 raucum
1116 221 1216 273 per
1248 204 1391 258 levia
1424 221 1669 258 murmur

260 287 404 341 Saxa
438 287 560 351 ciet,
597 286 972 351 scatebrisque
1008 281 1218 335 arentia
1254 284 1529 349 temperat
1565 297 1705 334 arva.
1902 294 1975 334 110

261 361 420 430 Quid,
457 363 563 431 qui,
600 379 671 416 ne
704 359 940 430 gravidis
975 357 1299 425 procumbat
1334 357 1541 410 culmus
1578 358 1774 424 aristis,

260 437 556 492 Luxuriam
592 442 840 506 segetum
875 440 1068 488 tenera
1106 433 1352 502 depaseit
1386 437 1441 488 in
1477 433 1663 500 herba,

261 515 398 569 Cum
433 514 669 583 primum
705 515 880 567 sulcos
915 513 1155 580 aequant
1190 513 1349 565 sata?
1386 513 1588 581 quique
1620 509 1835 579 paludis

260 591 560 645 Colleetum
596 590 879 642 humorem
916 587 1101 640 bibula
1137 585 1360 642 deducit
1395 605 1575 655 arena,

258 666 592 720 Praesertim
626 666 848 719 incertis
885 664 928 717 si
963 663 1239 716 mensibus
1274 665 1447 718 amnis
1482 663 1763 717 abimdans
1904 677 1975 716 115

258 743 406 809 Exit,
443 745 504 795 et
537 741 774 795 obducto
808 742 920 794 late
957 743 1113 793 tenet
1147 740 1327 794 omnia
1359 741 1500 807 limo,

257 818 426 873 Unde
460 834 624 872 cavae
658 818 846 886 tepido
881 817 1083 870 sudant
1115 816 1341 870 humore
1377 818 1636 870 lacunael

329 895 448 948 Nee
461 897 658 962 tamen,
670 894 803 948 haee
819 911 940 947 cum
955 894 1067 946 sint
1081 893 1467 961 hominumque
1476 893 1751 960 boumque
1759 890 1976 943 labores

258 971 548 1025 Versando
585 973 789 1024 terram
827 970 1054 1038 experti,
1093 967 1223 1022 nihil
1258 970 1519 1038 inprobus
1554 985 1711 1022 anser

259 1046 708 1116 Strymoniaeque
741 1063 904 1115 grues
941 1049 1000 1099 et
1036 1045 1233 1099 amaiis
1268 1046 1441 1099 intiba.
1476 1045 1628 1098 fibris
1904 1055 1978 1096 120

258 1123 513 1177 Offieiunt
549 1127 645 1177 aut
679 1123 874 1177 umbra
910 1127 1084 1176 nocet.
1161 1121 1329 1176 Pater
1362 1124 1479 1190 ipse
1514 1120 1727 1176 colendi

259 1199 429 1253 Haud
463 1200 674 1253 facilem
709 1216 829 1253 esse
866 1201 1006 1252 viam
1041 1199 1227 1267 voluit,
1262 1200 1578 1268 primusque
1613 1213 1713 1264 per
1748 1198 1927 1249 artem

257 1275 434 1329 Movit
470 1293 642 1344 agrOS,
680 1277 822 1329 euris
858 1293 1055 1330 acuens
1090 1276 1346 1329 mortalia
1378 1275 1561 1342 eorda,

259 1352 377 1404 Nee
410 1355 632 1418 torpere
670 1353 824 1418 gravi
858 1368 1050 1419 passus
1088 1368 1183 1405 sua
1219 1368 1389 1419 regna
1424 1355 1666 1405 veterno.

261 1429 414 1480 Ante
453 1426 640 1480 Iovem
677 1427 807 1479 nulli
845 1427 1170 1494 subigebant
1204 1445 1335 1482 arva
1370 1428 1579 1492 coloni;
1906 1437 1979 1477 12⁵

260 1503 349 1556 Ne
385 1503 598 1570 signare
638 1502 858 1570 quidem
895 1507 992 1555 aut
1027 1503 1219 1570 partiri
1256 1503 1428 1557 limite
1464 1519 1713 1572 campum

261 1578 370 1632 Fas
407 1581 556 1635 erat:
591 1579 648 1630 in
675 1577 925 1631 'medium
963 1578 1319 1647 quaerebant,
1355 1580 1581 1648 ipsaque
1615 1577 1778 1631 tellus

261 1654 458 1709 Omnia
493 1654 730 1719 liberius,
767 1653 930 1707 nullo*
951 1657 1225 1725 poscente,
1262 1655 1489 1710 ferebat.

264 1732 366 1785 Ille
401 1732 602 1785 malum
640 1730 786 1785 virus
825 1730 1171 1800 serpentibus
1208 1732 1425 1787 addidit
1459 1732 1609 1800 atris,

261 1808 636 1877 Praedarique
671 1808 826 1877 lupos
852 1808 1034 1877 iussit,
1071 1812 1411 1877 pontumque
1445 1809 1666 1875 moveri,
1909 1820 1983 1860 ιω

260 1885 536 1954 Mellaque
575 1885 814 1939 decussit
847 1885 1006 1951 foliis,
1042 1886 1337 1953 ignemque
1371 1885 1619 1952 removit,

260 1960 334 2014 Et
369 1962 569 2030 passim
605 1960 734 2013 rivis
771 1960 1046 2015 currentia.
1081 1961 1205 2014 vina
1239 1963 1517 2029 repressit,

260 2037 340 2091 Ut
377 2037 552 2091 varias
586 2053 717 2090 usus
751 2036 1070 2090 meditando
1110 2038 1442 2091 extunderet
1476 2037 1613 2091 artis

259 2112 548 2181 Paulatim,
588 2116 647 2167 et
682 2113 844 2167 sulcis
879 2114 1141 2171 frumenti
1178 2116 1471 2182 quaereret
1511 2112 1753 2177 herbam,

259 2189 341 2243 Ut
377 2189 538 2242 silicis
577 2190 727 2242 venis
763 2190 1074 2243 abstrusum
1113 2190 1412 2243 excuderet
1447 2190 1643 2257 ignem.
1913 2206 1977 2246 ¹3⁵

259 2267 407 2320 Tune
443 2266 592 2319 alnos
627 2267 864 2334 primum
901 2266 1050 2320 fluvii
1088 2282 1306 2319 sensere
1341 2262 1594 2329 cavatas3

260 2342 462 2396 Navita
497 2350 618 2395 tum
655 2342 829 2397 stellis
867 2358 1122 2397 numeres
1160 2346 1219 2396 et
1254 2343 1473 2397 nomina
1507 2341 1654 2408 feeit,

261 2417 528 2484 Pleiadas,
570 2419 810 2488 Hyadas,
849 2420 1161 2488 claramque
1199 2419 1461 2487 Lycaonis
1501 2418 1747 2482 Aret0n3

259 2493 397 2547 Tum
433 2494 640 2562 laqueis
677 2499 901 2565 captare
939 2496 1101 2563 feras,
1138 2500 1199 2550 et
1234 2495 1423 2549 fallere
1458 2496 1604 2549 visco

262 2570 572 2636 Inventum,
611 2574 668 2623 et
703 2588 929 2639 magnos
968 2572 1195 2626 canibus
1232 2572 1571 2625 circumdare
1606 2569 1789 2623 saltus.
1911 2581 1985 2622 140

261 2650 452 2715 Atque
487 2646 623 2699 alius
661 2647 834 2700 latum
871 2649 1042 2701 funda
1076 2650 1183 2703 iam
1221 2648 1478 2702 verberat
1513 2662 1742 2711 amnem,

260 2723 397 2777 Alta
431 2726 642 2791 petens,
681 2724 983 2793 pelagoque
1021 2726 1159 2779 alius
1195 2724 1369 2779 trahit
1405 2722 1632 2776 humida
1664 2722 1790 2775 lina.

263 2798 396 2853 Tum
431 2800 564 2853 ferri
599 2802 748 2869 rigor
785 2805 952 2870 atque
991 2806 1219 2869 argutae
1254 2802 1456 2855 lamina
1492 2816 1765 2868 serrae,—

263 2876 311 2929 N
315 2893 403 2930 am
439 2878 602 2948 primi
637 2879 820 2931 cuneis
858 2879 1182 2932 scindebant
1219 2879 1385 2933 fissile
1421 2879 1691 2947 lignum—-

268 2952 398 3007 rum
433 2956 616 3009 variae
652 2971 852 3009 venere
888 2958 1051 3011 artes.
1127 2956 1309 3009 Labor
1347 2957 1525 3009 omnia
1560 2954 1689 3009 vicit
1928 2962 1991 3001 ¹¹3

263 3032 536 3100 Inprobus
575 3036 634 3087 et
669 3032 820 3086 duris
853 3050 1095 3101 urguens
1130 3034 1184 3087 in
1221 3034 1386 3087 rebus
1426 3035 1659 3101 egestaS.

266 3108 452 3161 Prima
489 3108 656 3163 Ceres
692 3110 838 3163 ferro
875 3111 1121 3164 mortalis
1156 3114 1375 3165 vertere
1411 3113 1618 3163 terram

268 3182 534 3253 Instituit,
570 3200 692 3239 eum
727 3186 833 3239 iam
871 3186 1101 3253 glandes
1136 3190 1305 3256 atque
1340 3185 1539 3239 arbuta
1570 3194 1758 3235 sacrae
1791 3192 1797 3199 ·
