2163 3401
747 100 1116 151 AENEIDOS
1154 100 1294 151 LIB.
1329 100 1465 152 XII.
1808 113 1814 118 ⁷
1902 99 1987 144 337

282 184 401 240 Nec
436 182 675 253 spatium
710 181 885 235 evasit
921 187 1118 247 totum,
1155 197 1334 249 neque
1369 181 1601 250 pertulit
1636 181 1820 234 ictum.

283 262 371 315 Ac
402 260 553 314 velut
575 259 631 311 in
668 257 885 324 somnis,
922 256 1107 309 oculos
1143 256 1238 309 ubi
1273 257 1534 327 languida
1566 256 1770 326 pressit

282 337 460 391 Nocte
496 334 665 405 quies,
699 333 1033 403 nequiquam
1070 332 1259 386 avidos
1293 333 1592 387 extendere
1629 346 1821 387 cursus
1953 399 1961 407 .

282 414 447 467 Velle
479 412 744 474 videmur,
780 413 839 463 et
870 410 927 462 in
964 408 1164 462 mediis
1199 409 1484 465 conatibus
1520 408 1669 477 aegri
1918 407 1994 461 9'10

286 487 652 552 Succidimus;
696 502 805 539 non
839 485 1026 554 lingua
1060 484 1220 549 valet,
1257 502 1364 539 non
1400 502 1628 555 corpore
1664 487 1830 539 notae

286 564 573 619 Sufficiunt
607 564 767 631 vires,
801 578 903 615 nec
937 577 1043 615 vox
1078 565 1177 615 aut
1212 562 1382 616 verba
1417 564 1752 631 sequuntur:

286 641 379 695 Sic
414 640 609 708 Turne,
647 654 989 708 quacumque
1024 637 1170 691 viam
1203 638 1410 693 virtute
1445 637 1657 708 petivit,

289 718 607 771 Successum
644 714 751 767 dea
782 714 905 767 dira
940 715 1122 781 negat.
1197 713 1343 767 Tum
1369 718 1596 783 pectore
1631 728 1822 768 sensus

289 793 601 846 Vertuntur
635 790 804 854 varii3
853 789 1090 843 Rutulos
1125 790 1412 859 adspectat
1447 794 1506 844 et
1539 789 1748 856 urbem,
1922 803 1995 843 ου

290 868 699 936 cunctaturque
733 869 900 932 metu,
937 865 1220 933 telumque
1256 866 1462 920 instare
1499 865 1813 929 tremescit;

289 944 343 998 N
346 961 424 1013 ec,
461 959 569 1012 quo
606 959 664 995 se
701 941 913 1009 eripiat,
945 958 1061 1007 nec,
1099 958 1209 1009 qua
1243 942 1296 995 vi
1333 943 1528 996 tendat
1561 940 1618 994 in
1653 940 1882 1007 hostem,

288 1020 411 1075 Nec
446 1035 637 1072 currus
671 1033 902 1086 usquam
940 1017 1096 1071 videt
1129 1018 1484 1086 aurigamque
1521 1033 1778 1071 sororem.

292 1094 582 1151 Cunctanti
619 1093 792 1147 telum
829 1095 1049 1146 Aeneas
1085 1093 1252 1147 fatale
1289 1096 1550 1157 coruscat,

292 1172 533 1227 Sortitus
564 1170 841 1223 fortunam
876 1168 1060 1236 oculis,
1098 1173 1157 1222 et
1185 1185 1412 1238 corpore
1447 1173 1568 1223 toto
1926 1182 2000 1221 920

293 1249 522 1302 Eminus
558 1247 853 1314 intorquet.
927 1244 1128 1297 Murali
1163 1245 1374 1299 concita
1406 1262 1702 1315 numquam

294 1324 588 1377 Tormento
624 1321 702 1374 sic
736 1338 868 1374 saxa
889 1320 1146 1388 fremunt,
1183 1338 1283 1375 nec
1316 1321 1544 1374 fulmine
1577 1320 1720 1374 tanti

295 1399 605 1454 Dissultant
644 1398 903 1465 crepitus,
974 1396 1145 1451 Volat
1177 1398 1286 1451 atri
1323 1396 1560 1451 turbinis
1593 1395 1768 1450 instar

298 1474 547 1531 Exitium
582 1473 763 1527 dirum
798 1473 959 1527 hasta
990 1473 1189 1541 ferens,
1226 1490 1457 1542 orasque
1491 1471 1728 1526 recludit

299 1550 525 1605 Loricae
560 1552 618 1603 et
653 1548 813 1617 clipei
847 1553 1122 1602 extremos
1159 1548 1526 1618 septemplicis
1557 1546 1719 1602 orbis.
1918 1561 2001 1606 ,925

301 1627 412 1681 Per
445 1626 687 1679 medium
724 1624 960 1678 stridens
995 1625 1196 1679 transit
1229 1625 1420 1678 femur.
1494 1622 1696 1677 Incidit
1729 1622 1874 1677 ictus

302 1704 505 1772 Ingens
540 1700 614 1756 ad
648 1705 853 1756 terram
891 1699 1169 1770 duplicato
1205 1700 1412 1770 poplite
1449 1702 1679 1756 Turnus.

304 1779 655 1847 Consurgunt
690 1777 901 1844 gemitu
937 1776 1152 1836 Rutuli,
1167 1779 1426 1846 totusque
1462 1775 1700 1844 remugit

304 1856 465 1910 Mons
500 1855 719 1918 circum,
755 1855 815 1906 et
849 1869 1036 1906 vocem
1071 1853 1186 1906 late
1222 1869 1446 1906 nemora
1479 1852 1592 1907 alta
1626 1852 1934 1907 remittunt.

307 1931 411 1985 Ille
457 1929 678 1982 humilis
732 1927 1072 1996 supplexque
1123 1927 1307 1982 oculos
1363 1929 1728 1997 dextramque
1779 1945 2005 1999 precan-

440 2010 556 2060 tem
1929 2019 2004 2058 930

308 2081 664 2151 Protendens,
700 2080 972 2148 Equidem
1009 2081 1199 2148 merui,
1236 2098 1336 2134 nec
1372 2081 1648 2151 deprecor,
1685 2080 1897 2150 inquit3

306 2158 485 2212 Utere
521 2159 669 2208 sorte
705 2159 815 2208 tua.
886 2155 1078 2209 Miseri
1114 2162 1174 2210 te
1211 2159 1256 2210 si
1293 2174 1402 2225 qua
1436 2158 1681 2224 parentis

306 2233 553 2301 Tangere
587 2248 717 2285 cura
750 2235 949 2300 potest,
988 2231 1278 2299 oro‚—fuit
1302 2236 1362 2286 et
1393 2231 1498 2286 tibi
1533 2231 1660 2286 talis

309 2307 578 2363 Anchises
611 2307 1083 2376 genitor—Dauni
1117 2309 1378 2363 miserere
1414 2311 1680 2375 senectae,

308 2386 381 2438 Et
416 2401 520 2452 me,
558 2400 654 2437 seu
690 2399 887 2451 corpus
924 2383 1220 2453 spoliatum
1256 2385 1461 2438 lumine
1497 2382 1683 2451 mavis,
1936 2399 2007 2436 935

311 2459 507 2514 Redde
539 2459 690 2513 meis
762 2458 978 2527 Vicisti,
1015 2463 1075 2514 et
1110 2460 1314 2514 victum
1351 2461 1580 2515 tendere
1613 2459 1822 2526 palmas

314 2535 539 2590 Ausonii
574 2535 792 2600 videre3
838 2538 935 2588 tua
970 2539 1057 2590 est
1095 2536 1322 2591 Lavinia
1357 2537 1614 2590 coniunx:

310 2612 556 2666 Ulterius
590 2629 660 2666 ne
694 2611 863 2666 tende
901 2611 1054 2666 odiis.
1129 2613 1298 2667 Stetit
1333 2630 1460 2667 acer
1493 2614 1550 2666 in
1585 2611 1753 2666 armis

312 2689 541 2755 Aeneas,
579 2688 799 2741 volvens
834 2688 1027 2752 oculos,
1066 2688 1430 2758 dextramque
1466 2689 1756 2758 repressit;

308 2764 382 2819 Et
413 2764 524 2817 iam
559 2765 778 2834 iamque
813 2765 987 2833 magis
1022 2769 1370 2820 cunctantem
1405 2765 1631 2820 flectere
1665 2781 1844 2818 sermo
1939 2780 2012 2817 910

308 2839 594 2910 Coeperat,
629 2840 821 2894 infelix
856 2840 1086 2895 humero
1121 2857 1244 2896 cum
1279 2841 1539 2910 adparuit
1573 2840 1684 2894 alto

306 2915 536 2970 Balteus
566 2919 625 2970 ct
660 2916 806 2970 notis
839 2915 1114 2971 fulserunt
1150 2916 1366 2985 cing-ula
1400 2915 1564 2971 bullis

308 2990 573 3045 Pallantis
606 2992 781 3062 pueri,
818 2990 1023 3045 victum
1060 3009 1224 3060 quem
1257 2991 1485 3045 volnere
1521 2991 1736 3044 Turnus

308 3065 592 3120 Straverat
626 3070 795 3134 atque
831 3065 1071 3125 humeris
1108 3066 1385 3119 inimicum
1420 3065 1630 3132 insigne
1663 3064 1908 3134 gerebat

308 3141 429 3206 Ille,
463 3142 635 3195 oculis
668 3145 961 3209 postquam
998 3141 1146 3194 saevi
1181 3143 1532 3194 monumenta
1567 3139 1772 3195 doloris
1927 3138 2013 3194 594⁵

304 3215 660 3287 Exuviasque
683 3215 885 3283 hausit,
918 3214 1079 3269 furiis
1113 3230 1387 3282 accensus,
1423 3217 1482 3268 et
1517 3214 1600 3268 ira
