2163 3401
1657 3 1712 62 ὲ(

284 90 377 137 328
732 87 790 136 Ρ.
828 85 1139 135 VERGILI
1171 84 1502 136 MARONIS

281 167 453 224 Totae
486 168 625 223 adeo
659 184 949 225 conversae
984 166 1142 235 acies,
1178 183 1476 237 omnesque
1514 168 1708 237 Latini,

280 244 487 302 Omnes
524 244 887 311 Dardanidae,
926 242 1264 311 Mnestheus,
1303 262 1539 315 acerque
1575 246 1834 314 Serestus,

284 324 355 380 Et
392 326 676 391 Messapus
712 339 911 391 equum
949 320 1202 387 domitor,
1240 324 1298 375 et
1333 322 1493 377 fortis
1530 323 1724 387 Asilas,
1890 336 1950 377 ωο

280 402 688 467 Tuscorumque
723 397 974 467 phalanx,
1012 397 1363 466 Euandrique
1405 400 1651 453 Arcades
1685 399 1812 466 alae,

280 479 389 531 Pro
425 496 483 531 se
519 478 752 545 quisque
788 475 885 527 viri
926 490 1136 527 summa
1170 475 1422 529 nituntur
1459 494 1620 547 opum
1655 478 1738 541 νίς

278 554 331 607 N
334 572 396 609 ec
432 571 598 621 mora,
634 569 735 606 nec
768 552 1019 620 requies;
1055 554 1207 603 vasto
1245 554 1547 608 certamine
1582 553 1820 608 tendunt.

350 630 458 685 Hic
492 633 729 683 mentem
751 628 977 682 Aeneae
995 627 1248 695 genetrix
1282 630 1649 698 pulcherrima
1681 629 1837 695 misit,

282 707 400 762 Iret
434 710 498 761 ut
534 706 607 759 ad
642 721 841 772 muros,
874 703 1110 773 urbique
1149 704 1473 761 adverteret
1507 724 1701 775 agmen
1791 714 1800 721 ’
1887 719 1949 759 ⁶⁵⁵

280 782 443 835 Ocius
480 786 538 835 et
574 780 755 835 subita
788 780 1040 834 turbaret
1075 779 1230 833 clade
1269 780 1508 837 Latinos,

286 858 397 923 lue,
435 862 498 912 ut
534 859 809 925 vestigans
843 855 1061 911 diversa
1095 873 1196 924 per
1229 858 1446 924 agmina
1482 859 1718 912 Turnum

282 935 405 988 Huc
440 940 609 1004 atque
642 933 750 986 huc
782 931 927 986 acies
960 932 1308 997 circumtulit,
1344 932 1541 1001 aspicit
1574 932 1760 987 urbem

282 1009 587 1065 Immunem
621 1010 762 1063 tanti
798 1007 926 1061 belli
962 1011 1131 1075 atque
1165 1010 1370 1076 inpune
1410 1012 1668 1079 quietam.

278 1086 549 1139 Continuo
586 1102 801 1155 pugnae
837 1084 1087 1138 accendit
1119 1084 1339 1138 maioris
1375 1086 1583 1154 imago3
1881 1095 1944 1133 εω

280 1160 567 1216 Mnesthea
603 1162 1030 1230 Sergestumque
1066 1164 1225 1214 vocat
1262 1161 1572 1231 fortemque
1608 1162 1865 1215 Serestum

284 1236 562 1306 Ductores,
597 1236 979 1305 tumulumque
1015 1236 1176 1304 capit,
1214 1254 1323 1306 qua
1357 1244 1541 1292 cetera
1576 1238 1826 1291 Teucrum

277 1313 565 1368 Concurrit
599 1313 757 1381 legi0,
791 1329 893 1366 nec
928 1316 1084 1366 scuta
1117 1316 1214 1365 aut
1249 1314 1457 1382 spicula
1491 1314 1646 1367 densi

278 1389 583 1458 Deponunt.
657 1388 813 1443 Celso
849 1388 1061 1442 medius
1099 1392 1248 1443 stans
1286 1407 1488 1459 aggere
1523 1392 1692 1445 fatur:

276 1466 363 1519 Ne
388 1483 497 1534 qua
518 1468 655 1521 meis
680 1470 798 1520 esto
823 1464 986 1519 dictis
1009 1481 1192 1531 mora;
1221 1465 1476 1535 luppiter
1506 1467 1607 1520 hac
1633 1467 1761 1529 stat3
1879 1475 1942 1515 ωε

277 1541 401 1595 Neu
436 1544 558 1612 quis
594 1543 665 1597 ob
700 1543 977 1611 inceptum
1012 1540 1255 1594 subitum
1291 1542 1423 1596 mihi
1461 1543 1675 1611 segnior
1705 1542 1790 1595 ito.

275 1617 484 1672 Urbem
520 1619 699 1686 hodie,
736 1634 979 1672 caussam
1015 1615 1162 1684 belli,
1201 1634 1370 1685 regna
1410 1619 1530 1686 ipsa
1567 1617 1756 1684 Latini,

276 1692 348 1748 Ni
383 1693 600 1748 frenum
636 1694 879 1764 accipere
916 1698 974 1748 et
1009 1694 1139 1747 victi
1177 1711 1372 1763 parere
1408 1695 1664 1764 fatentur,

280 1770 493 1839 Eruam,
530 1775 590 1825 et
624 1789 798 1840 aequa
834 1771 947 1824 solo
980 1770 1248 1824 fumantia
1286 1771 1521 1825 culmina
1555 1787 1759 1841 ponam.

275 1845 492 1900 Scilicet
527 1850 853 1916 exspectem,
890 1846 1059 1900 libeat
1094 1845 1226 1901 dum
1261 1847 1467 1915 proelia
1504 1848 1683 1902 Turno
1875 1855 1940 1896 m

276 1922 479 1976 Nostra
513 1924 645 1992 pati,
681 1939 978 1991 rursusque
1012 1923 1147 1976 velit
1181 1939 1504 1978 concurrere
1538 1925 1750 1979 victus?

278 1998 397 2050 Hoc
430 2001 611 2066 caput,
648 2015 679 2051 ο
715 1997 875 2065 cives,
910 1998 1044 2052 haec
1080 1998 1209 2052 belli
1245 2015 1456 2053 summa
1490 2000 1722 2054 nefandi.

274 2073 441 2127 Ferte
475 2074 619 2127 faces
655 2090 901 2144 propere,
936 2075 1237 2144 foedusque
1271 2076 1544 2144 reposcite
1579 2075 1810 2131 flammis.

273 2149 518 2219 Dixerat,
554 2155 723 2220 atque
758 2152 952 2204 animis
986 2151 1198 2220 pariter
1233 2153 1574 2206 certantibus
1607 2167 1784 2207 omnes

271 2225 422 2281 Dant
456 2244 702 2294 cuneum,
738 2228 1016 2296 densaque
1050 2227 1124 2280 ad
1158 2244 1344 2282 muros
1379 2229 1521 2283 mole
1555 2229 1806 2282 feruntur.
1879 2235 1945 2274 ⁵⁷⁵

272 2301 459 2360 Scalae
494 2304 768 2373 inproviso
804 2303 1128 2372 subitusque
1162 2303 1420 2372 adparuit
1456 2306 1610 2374 ignis.

271 2377 601 2433 Discurrunt
635 2380 727 2433 alii
762 2379 837 2433 ad
869 2383 1057 2448 portas
1093 2379 1410 2449 primosque
1445 2381 1734 2448 trucidant,

272 2453 505 2510 Ferrum
540 2455 632 2509 alii
664 2459 927 2524 torquent
961 2459 1018 2508 et
1053 2454 1384 2510 obumbrant
1419 2457 1646 2512 aethera
1678 2456 1806 2511 telis.

273 2532 403 2600 Ipse
437 2531 582 2585 inter
616 2532 821 2600 primos
856 2531 1110 2585 dextram
1145 2532 1248 2586 sub
1281 2533 1497 2586 moenia
1530 2533 1710 2588 tendit

272 2608 506 2676 Aeneas,
542 2625 847 2676 magnaque
882 2608 1097 2662 incusat
1129 2625 1260 2662 voce
1296 2609 1571 2677 Latinum,
1883 2615 1952 2655 ⁸⁸⁰

271 2682 639 2751 Testaturque
674 2683 807 2738 deos
841 2685 1041 2738 iterum
1078 2701 1138 2738 se
1172 2684 1245 2738 ad
1279 2685 1486 2754 proelia
1519 2686 1656 2754 cogi,
1922 2751 1934 2762 ·

274 2754 369 2806 Bis
405 2757 512 2809 iam
551 2758 723 2812 Italos
757 2759 944 2826 hostis,
981 2759 1120 2813 haec
1154 2761 1263 2814 iam
1297 2759 1476 2816 altera
1518 2761 1738 2816 foedera
1773 2767 1946 2822 rumpt

272 2825 532 2882 Exoritur
565 2834 812 2901 trepidos
845 2836 991 2889 inter
1028 2835 1302 2890 discordia
1337 2837 1500 2892 civis:

273 2899 480 2952 Urbem
516 2904 607 2958 alii
642 2923 890 2964 reserare
924 2910 1118 2966 iubent
1154 2916 1210 2966 et
1245 2913 1486 2978 pandere
1519 2917 1708 2982 portas

273 2970 620 3043 Dardanidis,
654 2981 943 3052 ipsumque
977 2987 1206 3042 trahunt
1239 2988 1295 3041 in
1330 2989 1548 3044 moenia
1579 3005 1790 3057 regem;
1889 2994 1952 3035 δῦ

274 3044 449 3095 Arma
481 3047 666 3104 ferunt
698 3056 790 3109 alii
826 3064 884 3111 et
917 3065 1156 3127 pergunt
1190 3062 1490 3120 defendere
1523 3079 1733 3118 muros:

278 3111 523 3169 Inclusas
556 3128 622 3174 ut
655 3140 778 3180 cum
814 3130 1090 3188 latebroso
1125 3137 1182 3190 in
1217 3139 1433 3206 pumice
1467 3143 1658 3208 pastor

2071 3185 2074 3284 1
