2163 3401
690 105 1068 156 BUCOLICA.
1130 107 1282 156 ECL.
1324 107 1386 155 V.
1842 99 1903 148 ll

205 189 280 242 Tu
313 188 482 241 decus
518 203 677 240 omne
712 187 838 240 tuis,
913 187 1215 254 Postquam
1250 190 1311 241 te
1344 189 1461 243 fata
1492 188 1756 256 tulerunt,

208 265 328 333 lpsa
363 264 524 317 Pales
558 280 718 330 agros
753 267 922 332 atque
958 264 1076 332 ipse
1112 264 1338 334 reliquit
1376 265 1589 335 Apelle.
1853 284 1901 323 35

204 341 438 394 Grandia
475 357 638 409 saepe
675 339 875 408 quibus
911 341 1287 396 mandavimus
1322 342 1531 396 hordea
1565 341 1745 410 sulcis,

205 417 396 471 Infelix
432 417 622 470 lolium
659 422 717 470 et
753 418 970 470 steriles
1004 423 1306 472 nascuntur
1340 436 1579 485 avenae;

204 493 305 547 Pro
329 494 494 547 ,molli
529 493 686 558 viola,
721 509 821 561 pro
857 511 1133 562 purpureo
1168 496 1425 562 narcisse,

203 569 446 624 Carduus
483 574 542 623 et
581 569 752 637 spinis
787 571 961 638 surgit
997 571 1241 638 paliurus
1278 573 1473 627 acutis.

202 647 449 715 Spargite
486 646 712 698 humum
747 645 904 714 foliis,
942 647 1193 700 inducito
1227 649 1471 702 fontibus
1505 647 1748 715 umbras,
1862 660 1913 701 40

202 722 452 776 Pastores
480 743 493 787 ;
528 721 757 775 mandat
791 723 912 776 fieri
948 723 1054 776 sibi
1090 724 1223 777 talia
1260 724 1541 794 Daphnis;

203 799 265 852 Et
300 799 575 853 tumulum
611 798 791 864 facite,
829 802 888 852 et
923 800 1137 853 tumulo
1173 801 1531 869 superaddite
1565 816 1817 854 carmen:

263 875 511 944 Daphnis
547 892 649 943 ego
683 875 740 928 in
776 875 942 942 silviS,
978 875 1106 928 hinc
1141 893 1316 945 usque
1350 878 1423 930 ad
1459 877 1644 931 sidera
1668 879 1911 944 notus‚4⁵

264 951 509 1005 Formosi
545 952 756 1020 pecoris
792 954 990 1018 custo&
1027 953 1316 1007 formosior
1349 955 1480 1023 ipso.

263 1028 376 1082 Me.
416 1028 547 1082 Tale
584 1031 742 1081 tuum
776 1044 1000 1081 carmen
1035 1028 1206 1096 nobis,
1244 1029 1427 1083 divine
1462 1033 1641 1099 poeta,

198 1104 365 1168 Quale
403 1121 565 1173 sopor
599 1105 756 1158 fessis
789 1105 848 1157 in
881 1105 1144 1172 gramine,
1181 1107 1343 1175 quale
1377 1123 1477 1175 per
1513 1109 1728 1160 aestum

199 1181 380 1235 Dulcis
415 1197 591 1249 aquae
625 1179 856 1234 saliente
891 1181 1040 1234 sitim
1073 1184 1419 1250 restinguere
1453 1183 1582 1237 rivo,

198 1257 310 1311 Nec
345 1257 564 1312 calamis
601 1257 777 1310 solum
813 1259 1154 1326 aequiparaS,
1193 1258 1291 1313 sed
1327 1275 1459 1313 voce
1494 1263 1835 1326 magistrum.

200 1333 497 1388 Fortunate
531 1350 681 1403 puer,
717 1338 781 1387 tu
814 1350 956 1387 nunc
991 1335 1102 1388 eris
1136 1334 1280 1389 alter
1313 1335 1385 1388 ab
1419 1336 1526 1389 illo.

198 1409 310 1463 Nos
333 1413 516 1464 tamon
542 1411 674 1463 haec
697 1426 1046 1478 quocumque
1064 1411 1228 1464 modo
1253 1411 1357 1465 tibi
1382 1416 1577 1474 nostra
1596 1410 1834 1464 vicissim
1856 1425 1907 1464 50

199 1485 466 1553 Dicemus,
502 1486 888 1554 Daphnimque
923 1489 1083 1540 tuum
1118 1487 1375 1540 tollemus
1410 1486 1482 1540 ad
1518 1490 1703 1551 astra;

198 1561 450 1630 Daphnin
475 1561 548 1615 ad
572 1565 718 1615 astra.
741 1563 1016 1634 feremus:⁴
1034 1563 1238 1616 amavit
1260 1578 1361 1615 nos
1386 1579 1602 1630 quoque
1627 1559 1887 1630 Daphnis·

195 1637 307 1692 Mo.
348 1638 437 1691 An
474 1639 764 1707 quicquam
801 1637 956 1692 nobis
992 1639 1091 1692 tali
1128 1639 1203 1693 sit
1243 1654 1466 1692 munere
1504 1638 1723 1692 maius?

197 1714 266 1768 Et
298 1731 435 1784 puer
470 1716 588 1784 ipse
621 1715 726 1768 fuit
761 1716 968 1769 cantari
1005 1716 1221 1785 dignus,
1258 1720 1317 1769 et
1352 1717 1457 1771 ista

198 1791 311 1845 Iam
347 1791 567 1860 pridem
603 1790 866 1847 Stimicon
901 1791 1145 1845 laudavit
1180 1794 1423 1847 carmina
1458 1791 1627 1846 nobis.
1858 1808 1907 1847 55

255 1868 366 1923 Me.
404 1866 686 1923 Candidus
721 1866 996 1920 insuetum
1033 1870 1268 1923 miratur
1302 1870 1467 1923 limen
1504 1867 1719 1937 Olympi

195 1944 304 1998 Sub
339 1942 682 2013 pedibusque
719 1941 872 1996 videt
905 1944 1080 1998 nubes
1116 1948 1175 1999 et
1211 1946 1392 1999 sidera
1426 1945 1688 2014 Daphnis,

139 2013 146 2021 ’
195 2020 335 2089 Ergo
371 2020 564 2075 alacris
600 2019 763 2073 silvas
799 2022 857 2073 et
892 2024 1076 2073 cetera
1111 2039 1241 2075 rura
1274 2023 1525 2090 voluptas

195 2096 452 2165 Panaque
486 2098 849 2165 pastoresque
883 2099 1038 2153 tenet
1075 2097 1434 2167 Dryadasque
1469 2097 1693 2167 puellas.

195 2172 240 2225 N
245 2190 308 2228 ec
340 2172 502 2241 lupus
537 2172 764 2225 insidias
799 2173 998 2241 pecori,
1033 2192 1135 2229 nee
1170 2176 1313 2229 retia
1348 2176 1523 2230 cervis
1856 2189 1907 2227 οο

193 2248 319 2302 Ulla
353 2248 540 2302 dolum
577 2247 952 2315 meditantur3
985 2254 1135 2305 amat
1170 2250 1344 2305 bonus
1380 2251 1494 2304 otia
1528 2250 1793 2318 Daphnis.

195 2325 308 2393 Ipsi
341 2325 558 2379 laetitia
595 2340 755 2378 voces
791 2325 864 2379 ad
899 2325 1083 2379 sidera
1118 2327 1329 2381 iactant

197 2401 408 2455 Intonsi
443 2405 660 2455 montes
685 2423 698 2467 3
734 2401 886 2471 ipsae
920 2403 1030 2457 iam
1067 2404 1307 2457 carmina
1343 2421 1523 2472 rupes,

196 2478 322 2547 Ipsa
359 2482 556 2533 sonant
590 2478 848 2533 arbusta:
888 2480 1038 2547 deus,
1077 2479 1214 2533 deus
1249 2481 1355 2549 ille,
1394 2480 1669 2535 Menalca!

194 2556 276 2609 Sis
311 2555 488 2609 bonus
525 2572 557 2608 o
592 2555 836 2625 felixque
871 2555 1014 2609 tuis!
1053 2572 1122 2609 en
1158 2560 1423 2626 quattuor
1458 2573 1615 2611 aras:
1858 2570 1908 2609 οε

195 2630 331 2685 Ecce
369 2632 506 2685 duas
543 2631 662 2699 tibi,
701 2632 936 2700 Daphni,
977 2633 1113 2687 duas
1150 2633 1347 2686 altaria
1384 2630 1619 2685 Phoebo,

195 2706 395 2762 Pocula
432 2708 563 2763 bina
597 2724 737 2761 novo
775 2709 1085 2778 spumantia
1120 2708 1265 2762 lacte
1305 2711 1440 2774 quot
1476 2706 1627 2761 annis

195 2784 563 2854 craterasque
601 2784 740 2838 duos
776 2788 1018 2840 statuam
1055 2784 1159 2840 tibi
1196 2783 1413 2851 pinguis
1451 2783 1593 2853 olivi,

194 2858 264 2915 Et
300 2861 476 2915 multo
509 2861 567 2914 in
603 2860 796 2930 primis
829 2860 1068 2915 hilarans
1105 2858 1348 2913 convivia
1385 2858 1613 2926 Bacche,

201 2940 344 2992 Ante
379 2937 576 3006 focum,
613 2937 659 2991 si
694 2938 870 3006 frigus
909 2938 1030 3005 erit,
1068 2936 1115 2990 si
1150 2936 1358 3004 messis,
1394 2935 1450 2990 in
1487 2934 1695 2999 umbra,
1855 2945 1906 2988 70

199 3012 334 3069 Vina
373 3030 571 3068 novum
605 3014 832 3069 fundam
867 3013 1095 3067 calathis
1133 3011 1357 3065 Ariusia
1390 3016 1594 3065 nectar.

197 3090 510 3144 Cantabunt
543 3091 678 3144 mihi
715 3090 1012 3143 Damoetas
1047 3092 1106 3141 et
1141 3085 1364 3154 Lyctius
1404 3088 1630 3151 Aegon;

197 3164 458 3288 Saltaqtis
494 3166 718 3235 Satyros
751 3164 1062 3219 imitabitur
1100 3160 1511 3228 Alphesiboeus.
