2163 3401
172 78 267 126 152
641 76 699 123 P.
739 75 1046 123 VERGILI
1078 76 1339 125 MARON
1343 76 1409 125 IS

168 154 448 223 Linquens
465 154 642 209 multa
658 157 813 209 metu
835 157 1185 209 cunctantem
1211 158 1270 209 et
1292 153 1468 211 multa
1482 158 1775 227 parantem
1806 175 1891 215 aso

167 231 378 286 Dicere.
455 232 769 299 Suscipiunt
797 231 1052 301 famulae,
1090 232 1458 302 conlapsaque
1490 234 1740 289 membra

167 307 476 363 Marmoreo
509 308 759 361 referunt
793 308 1035 364 thalamo
1070 310 1377 377 stratisque
1413 314 1701 379 reponunt.

237 386 320 439 At
353 386 477 453 pius
514 386 747 450 Aeneas,
783 400 1115 453 quamquam
1152 385 1327 439 lenire
1362 385 1643 441 dolentem

167 460 402 515 Solando
437 460 589 530 cupit
623 464 682 514 et
717 460 880 513 dictis
915 464 1165 515 avertere
1199 476 1369 525 curas,

167 537 345 595 Multa
365 554 592 606 gemens
616 552 922 605 magnoque
945 537 1187 591 animum
1210 536 1513 592 labefactus
1535 554 1737 607 amore,
1804 555 1886 599 ωε

168 614 325 669 Iussa
356 619 543 667 tamen
579 612 763 665 divom
798 613 1133 681 exsequitur,
1166 612 1504 682 classemque
1536 614 1745 671 revisit.

165 691 301 745 Tum
337 707 468 744 vero
504 689 698 743 Teucri
731 688 1056 743 incumbunt
1092 692 1152 742 et
1184 688 1347 743 litore
1382 689 1557 743 celsas

165 766 460 821 Deducunt
493 769 614 820 toto
647 766 816 819 navis.
887 765 1062 819 Natat
1094 769 1262 819 uncta
1294 765 1494 833 carina,

166 843 604 911 Frondentisque
639 842 824 895 ferunt
859 857 1040 894 remos
1073 844 1134 895 et
1166 839 1367 895 robora
1398 842 1549 895 silvis

168 919 514 987 Infabricata‚
548 920 711 986 fugae
745 917 944 971 studio.
1804 934 1883 975 ιω

163 996 458 1065 Migrantis
493 1011 700 1061 cernas,
734 996 966 1061 totaque
999 1010 1069 1047 ex
1103 993 1242 1048 urbe
1274 994 1500 1048 ruentis.

165 1075 250 1128 Ac
285 1073 435 1127 velut
468 1072 746 1140 ingentem
777 1069 1034 1124 formioee
1065 1070 1229 1123 farris
1261 1086 1515 1125 acervum

165 1149 301 1203 Cum
335 1148 614 1217 populant,
649 1146 844 1200 hiemis
878 1162 1163 1212 memores,
1200 1150 1459 1216 tectoque
1492 1151 1809 1215 reponunt;

164 1226 223 1279 It
257 1224 472 1293 nigrum
509 1222 716 1292 campis
749 1239 960 1291 agmen,
997 1222 1371 1292 praedamque
1402 1238 1505 1293 per
1538 1222 1742 1279 herbas

164 1301 501 1356 Convecta‘nt
535 1300 670 1354 calle
705 1302 969 1367 angust03
1005 1316 1135 1368 pars
1166 1299 1399 1368 grandia.
1433 1298 1669 1355 trudunt
1806 1315 1879 1355 ωε

164 1377 412 1432 Obnixae
445 1377 723 1431 frumenta
757 1375 1030 1441 humeris;
1066 1392 1196 1445 pars
1230 1375 1449 1444 agmina
1482 1379 1689 1443 cogunt

165 1453 557 1523 Castigantque
592 1468 802 1517 moras3
845 1468 1011 1521 opere
1045 1452 1221 1505 omnis
1256 1452 1453 1507 semita
1484 1453 1683 1508 fervet.

166 1531 301 1597 Quis
334 1530 439 1585 tibi
471 1533 608 1597 tum,
644 1528 806 1595 Dido,
841 1528 1088 1582 cernenti
1123 1528 1257 1581 talia
1290 1544 1497 1595 sensus,

166 1606 379 1672 Quosve
413 1605 584 1660 dabas
618 1604 875 1673 gemitus,
910 1620 1033 1657 cum
1067 1603 1233 1657 litora.
1266 1604 1478 1658 fervere
1513 1604 1627 1659 late

164 1682 511 1753 Prospiceres
545 1697 670 1736 arce
705 1698 774 1735 ex
809 1696 1036 1744 summa,
1069 1683 1361 1749 totumque
1395 1680 1612 1735 videres
1799 1694 1876 1737 m

164 1760 384 1814 Misceri
419 1763 548 1814 ante
581 1758 764 1812 oculos
797 1757 970 1812 tantis
1003 1756 1333 1811 clamoribus
1366 1758 1605 1826 aequor?

165 1835 404 1906 Inprobe
437 1852 604 1904 amor,
639 1835 772 1903 quid
807 1850 914 1888 non
949 1833 1203 1887 mortalia
1234 1837 1459 1902 pectora.
1492 1832 1673 1901 cogis?

165 1913 259 1967 Ire
293 1913 494 1966 iterum
529 1912 586 1965 in
617 1911 884 1978 lacrimas,
916 1910 1121 1964 iterum
1154 1912 1431 1977 temptare
1464 1907 1743 1978 precando

165 1988 405 2058 Cogitur,
441 1993 500 2043 et
535 1987 766 2056 supplex
801 1986 1010 2040 animos
1045 1985 1374 2040 submittere
1406 1984 1597 2054 amori,

163 2065 250 2119 Ne
284 2064 418 2133 quid
453 2064 800 2132 inexpertum
833 2062 1040 2117 frustra
1073 2061 1343 2116 moritura
1375 2061 1664 2130 relinquat.
1798 2075 1877 2117 413

234 2142 410 2207 Anna,
443 2138 598 2193 vides
631 2142 753 2193 toto
785 2137 1072 2208 properari
1106 2137 1303 2192 litore?
1374 2137 1593 2191 Circum

164 2217 423 2286 Undique
459 2231 784 2281 convenere;
819 2217 981 2269 vocat
1015 2214 1126 2267 iam
1160 2212 1419 2268 carbasus
1454 2229 1631 2280 auras,

164 2293 446 2362 Puppibus
481 2296 540 2346 et
572 2292 705 2346 laeti
737 2294 940 2346 nautae
973 2291 1264 2359 inposuere
1299 2305 1538 2344 coronas.

164 2365 328 2424 Hunc
363 2385 465 2437 ego
500 2369 547 2422 si
580 2367 736 2437 potui
770 2370 987 2422 tantum
1023 2381 1246 2434 sperare
1282 2365 1543 2432 dolorem,

163 2445 238 2500 Et
259 2446 520 2515 perferre,
543 2460 711 2511 soror,
734 2447 943 2513 potero.
1002 2442 1241 2496 Miserae
1262 2440 1365 2494 hoc
1388 2444 1574 2495 tamen
1596 2455 1772 2494 unum
1798 2453 1877 2494 om
1918 2491 1927 2500 ,

164 2515 492 2592 Exsequere,
530 2523 707 2588 Anna,
741 2520 905 2586 mihi;
947 2519 1118 2574 solam
1152 2535 1279 2573 nam
1314 2517 1563 2586 perfidus
1594 2516 1689 2570 ille

166 2595 240 2653 Te
273 2599 464 2666 colere,
500 2614 723 2653 arcanos
758 2597 926 2652 etiam
959 2595 1064 2650 tibi
1100 2593 1328 2648 credere
1362 2609 1582 2659 sensus3

162 2675 288 2729 Sola
322 2676 426 2728 viri
459 2675 637 2729 mollis
671 2673 855 2728 aditus
889 2675 949 2728 et
982 2675 1234 2741 tempora
1266 2686 1454 2724 noras:

165 2750 212 2813 1,
247 2766 414 2815 soror,
451 2755 620 2817 atque
652 2750 869 2804 hostem
905 2748 1136 2817 supplex
1169 2747 1359 2801 adfare
1394 2744 1720 2815 superbum:

165 2823 288 2876 Non
325 2839 428 2888 ego
462 2840 586 2876 cum
622 2825 826 2878 Danais
860 2825 1148 2878 Troianam
1184 2821 1505 2877 exscindere
1531 2824 1761 2890 gentem
1796 2833 1875 2876 48

167 2895 373 2949 Aulide
404 2896 594 2962 iuravi,
627 2898 922 2953 classemve
955 2898 1030 2952 ad
1064 2898 1333 2966 Pergama
1366 2897 1507 2962 misi,

167 2969 284 3020 Nec
316 2969 489 3034 patris
527 2971 799 3024 Anchisae
833 2973 1071 3027 cinerem
1108 2973 1356 3028 Manisve
1390 2971 1609 3027 revelli:

169 3041 282 3094 Cur
314 3057 439 3094 mea.
471 3041 622 3095 dicta.
653 3050 821 3112 negat
853 3047 1019 3102 duras
1052 3047 1350 3103 demittere
1382 3049 1442 3101 in
1475 3047 1662 3102 auris?
1703 3063 1771 3122 0

171 3112 289 3176 Quo
311 3115 455 3167 ruit?
492 3117 799 3172 extremum
821 3119 924 3174 hoc
945 3122 1179 3176 miserae
1200 3124 1300 3179 det
1322 3139 1521 3177 munus
1542 3123 1793 3180 amanti:
