2163 3401
771 68 920 115 AEN
925 68 1136 117 EIDOS
1171 68 1310 119 LIB.
1349 68 1482 121 XII.
1901 75 1988 117 335

287 145 524 213 Occidit,
560 146 933 217 occideritque
968 149 1116 203 sinas
1151 166 1274 203 eum
1311 150 1528 205 nomine
1563 150 1736 205 Troia.

286 222 402 276 Olli
437 224 725 278 subridens
760 226 1041 279 hominum
1079 241 1372 295 rerumque
1407 230 1686 295 repertor:

281 298 366 352 Es
398 317 657 369 germana
692 300 841 355 Iovis
867 303 1198 371 Saturnique
1234 302 1408 356 altera
1442 304 1646 371 proles:
1915 318 1990 357 830

282 377 505 429 Irarum
542 382 727 432 tantos
762 378 933 433 volvis
948 376 1071 432 'sub
1107 383 1328 447 pectore
1365 379 1590 434 fluctus!

286 453 495 507 Verum
531 472 632 523 age
668 459 727 509 et
761 456 1039 524 inceptum
1074 456 1283 509 frustra
1319 454 1584 509 submitte
1616 456 1884 512 furorem:

280 530 387 597 Do,
426 533 573 599 quod
606 532 703 600 vis,
738 535 799 586 et
832 549 921 586 me
955 532 1243 601 victusque
1276 532 1572 600 volensque
1606 534 1845 587 remitte.

280 606 601 661 Sermonem
640 608 873 661 Ausonii
906 608 1144 677 patrium
1183 624 1474 677 moresque
1507 607 1788 674 tenebunt,

278 681 475 751 thue
510 687 829 749 est‚nomen
864 685 1001 749 erit;
1048 685 1329 739 commixti
1365 701 1590 752 corpore
1625 688 1842 739 tantum
1910 699 1982 739 82⁹⁵

280 757 580 814 Subsident
616 760 811 813 Teucri
828 776 1119 825 ;—morem
1154 762 1404 830 ritusque
1441 777 1720 814 sacrorum

280 833 555 888 Adiiciam
572 836 959 905 3—foeiamque
994 838 1170 891 omnis
1207 854 1312 890 uno
1350 854 1444 890 ore
1481 837 1718 890 Latinos
1791 872 1802 881 -

279 910 431 963 Hinc
462 928 634 979 genus
672 912 916 965 Ausonio
946 912 1182 965 mixtum
1219 912 1366 981 quod
1406 913 1666 979 sanguine
1702 915 1906 981 surget,

278 985 459 1054 Supra
493 986 751 1056 homineS,
778 1004 942 1057 supra
976 988 1058 1042 ire
1095 988 1229 1041 deos
1265 989 1470 1056 pietate
1511 987 1740 1055 videbis,

277 1061 336 1115 N
339 1079 399 1115 ec
430 1078 564 1130 gens
601 1063 711 1117 ulla
744 1067 869 1117 tuos
904 1080 1079 1132 aeque
1115 1062 1416 1117 celebrabit
1450 1064 1698 1118 honores.
1909 1080 1983 1117 840

277 1137 498 1193 Adnuit
520 1140 608 1192 his
645 1140 802 1207 Iuno,
839 1144 899 1193 et
933 1143 1175 1193 mentem
1212 1139 1416 1193 laetata
1451 1141 1688 1195 retorsit.

276 1214 505 1268 Interea
539 1216 758 1270 excedit
791 1216 953 1284 caele,
989 1216 1302 1285 nubemque
1339 1216 1616 1285 relinquit.

350 1290 456 1344 His
489 1292 625 1345 actis
662 1292 809 1345 aliud
848 1292 1077 1346 Genitor
1115 1308 1297 1345 secum
1334 1293 1452 1360 ipse
1488 1293 1712 1358 volutat,

274 1366 677 1435 Iuturnamque
711 1371 873 1435 parat
906 1367 1095 1420 fratris
1121 1368 1412 1422 'dimittere
1449 1367 1519 1420 ab
1555 1366 1736 1420 armis.

272 1441 547 1496 Dicuntur
580 1445 829 1512 geminae
863 1448 1049 1512 pestes
1086 1444 1406 1511 cognomine
1444 1444 1624 1509 Dirae,
1903 1457 1977 1497 845

272 1517 425 1580 Quas
461 1524 520 1573 et
556 1520 873 1573 Tartaream
911 1520 1035 1572 Nox
1061 1520 1392 1587 intempesta
1430 1520 1744 1586 Megaeram

268 1593 399 1647 Uno
435 1594 739 1663 eodemque
775 1596 904 1649 tulit
938 1599 1115 1662 partu,
1151 1594 1486 1663 paribusque
1521 1593 1759 1648 revinxit

269 1670 600 1740 Serpentum
636 1670 813 1740 spiri8‚
850 1673 1211 1740 ventosasque
1246 1670 1464 1726 addidit
1499 1670 1644 1725 alas:

269 1747 399 1800 Hae
436 1747 585 1801 Iovis
619 1748 693 1801 ad
728 1747 922 1800 solium
962 1748 1218 1814 saevique
1254 1746 1311 1800 in
1344 1747 1533 1800 limine
1568 1746 1714 1814 regis

269 1823 578 1895 Adparent,
614 1828 924 1896 acuuntque
960 1827 1169 1876 metum
1205 1823 1527 1876 mortalibus
1563 1823 1758 1890 aegris,
1898 1841 1973 1880 850

268 1899 328 1953 Si
365 1901 585 1968 quando
610 1901 794 1970 ,letum
830 1898 1143 1952 horrificum
1181 1899 1507 1968 morbosque
1543 1899 1706 1953 deum
1743 1916 1843 1954 rex

266 1975 513 2042 Molitur,
550 1977 775 2030 meritas
811 1980 908 2029 aut
943 1974 1089 2028 bello
1124 1975 1346 2030 territat
1381 1975 1560 2029 urbes.

269 2051 486 2104 Harum
522 2068 684 2104 unam
720 2051 952 2104 celerem
989 2051 1214 2103 demisit
1250 2049 1321 2103 ab
1357 2052 1582 2104 aethere
1617 2069 1829 2106 summo

265 2128 537 2198 Iuppiter,
571 2128 736 2196 inque
772 2143 930 2180 omen
970 2126 1234 2179 Iuturnae
1269 2140 1554 2179 occurrere
1586 2125 1759 2180 iussit.

264 2203 373 2257 Illa
408 2203 571 2271 volat,
606 2203 879 2272 celerique
913 2203 987 2255 ad
1024 2205 1229 2255 terram
1265 2199 1487 2254 turbine
1519 2201 1708 2254 fertur.
1893 2216 1966 2254 865

262 2279 390 2333 Non
426 2296 596 2347 secuS,
633 2297 696 2334 ac
730 2295 897 2333 nervo
932 2295 1033 2347 per
1066 2276 1269 2331 nubem
1304 2276 1520 2346 inpulsa
1555 2277 1767 2344 sagitta,

260 2356 554 2409 Armatam
590 2355 735 2410 saevi
775 2354 1013 2409 Parthus
1049 2370 1213 2421 quam
1249 2352 1377 2406 felle
1414 2353 1620 2417 veneni,

260 2431 519 2499 Parthu8‚
556 2433 669 2486 sive
706 2431 907 2500 Cydon,
945 2429 1118 2483 telum
1172 2429 1566 2497 inmedicabile,
1602 2429 1778 2494 torsit,

258 2508 515 2562 Stridens
550 2512 609 2562 et
626 2509 835 2562 celeris
869 2506 1146 2572 incognita
1180 2506 1418 2559 transilit
1452 2505 1700 2558 umbras:

256 2584 405 2639 Talis
444 2600 502 2638 se
538 2589 656 2638 sata
692 2585 742 2637 N
746 2589 869 2638 octe
904 2582 1047 2646 tulit,
1087 2585 1374 2650 terrasque
1408 2581 1620 2650 petivit.
1889 2596 1963 2634 860

256 2660 557 2728 Postquam
594 2661 739 2713 acies
775 2659 927 2713 videt
965 2658 1164 2711 Iliacas
1199 2660 1370 2724 atque
1407 2658 1622 2724 agmina
1659 2656 1840 2725 Turni,

253 2735 429 2789 Alitis
466 2735 521 2787 in
556 2752 755 2803 parvae
792 2734 1030 2788 subitam
1066 2732 1295 2786 collecta
1330 2733 1576 2799 figuram,

254 2812 411 2877 Quae
450 2811 724 2878 quondam
759 2812 813 2864 in
850 2810 1027 2864 bustis
1064 2811 1162 2862 aut
1197 2809 1520 2862 culminibus
1556 2808 1791 2864 desertis

250 2889 304 2942 N
308 2891 435 2942 octe
472 2883 669 2941 sedens
706 2904 889 2940 serum
924 2885 1071 2940 mnit
1107 2881 1400 2952 inportuna
1433 2901 1532 2953 per
1567 2884 1789 2938 umbras
1805 2906 1819 2950 ;

252 2965 419 3018 Hanc
454 2979 612 3016 versa
646 2964 702 3015 in
738 2963 932 3015 faciem
957 2959 1138 3013 'Turni
1176 2975 1236 3012 se
1268 2961 1441 3026 pestis
1475 2959 1545 3012 ob
1582 2975 1678 3012 ora
1883 2973 1954 3011 868

250 3039 503 3106 Fertque
539 3039 819 3105 refertque
856 3052 1067 3102 sonans,
1101 3034 1445 3101 clipeumque
1467 3033 1766 3088 >everberat
1801 3031 1915 3085 alis.

250 3116 345 3170 Illi
382 3113 631 3168 membra
663 3127 833 3166 novus
870 3107 1354 3176 solvitssormidine
1389 3112 1592 3176 torpor,
