2163 3401
739 103 1156 154 GEORGICON
1189 106 1328 157 LIB.
1367 106 1467 156 IV.
1906 107 1966 158 75

246 182 483 239 Garrula
518 200 682 253 quam
715 185 883 253 tignis
917 186 1108 239 nilum
1145 187 1446 255 suspendat
1480 187 1726 241 hii-unde.

246 260 474 313 Interea
509 260 715 313 teucris
751 262 1057 327 tepe?acms
1093 263 1148 315 in
1187 262 1396 315 ossibus
1433 264 1625 316 humor

248 340 504 403 Aestuat,
541 342 599 390 et
635 336 859 389 visenda
894 338 1072 390 modis
1111 338 1365 391 animalia
1399 339 1563 405 miriS,

242 414 457 467 Trunca
490 412 695 481 pedum
732 414 927 481 primo,
964 430 1094 467 mox
1129 420 1186 467 et
1225 414 1516 468 stridentia
1546 417 1754 482 pennis,
1893 430 1966 471 310

246 489 559 557 Miscentur,
598 493 928 558 tenuemque
963 491 1136 557 magis
1173 492 1345 558 magis
1383 507 1512 544 aera
1545 495 1788 560 carpunt,

250 566 450 631 Donec,
485 572 549 619 ut
584 567 805 619 aestivis
848 566 1051 619 effusus
1088 567 1322 619 nubibus
1360 566 1549 634 imber,

250 643 508 711 Erupere,
548 649 645 696 aut
681 647 760 709 ut,
800 659 969 695 nervo
1005 643 1273 711 pulsante,
1311 644 1556 711 sagittae,
1679 711 1684 715 .

248 718 429 773 Prima
464 720 613 773 leves
652 720 843 773 ineunt
880 720 927 771 si
968 719 1188 787 quando
1226 719 1431 789 proelia
1469 719 1676 773 Parthi.

314 796 447 859 Quis
474 795 611 849 deus
636 796 790 860 hanc,
818 796 1027 862 Musae,
1053 796 1176 863 quis
1201 795 1358 849 nobis
1385 796 1606 850 extudit
1629 799 1841 851 artem?
1886 810 1962 851 31⁸

243 871 408 925 Unde
443 888 583 925 nova
618 873 895 939 ingressus
934 872 1214 925 hominum
1253 873 1593 941 experientia.
1627 873 1806 937 cepit?

244 945 443 1001 Pastor
482 949 771 1001 Aristaeus
808 948 1023 1016 fugiens
1063 948 1265 1002 Peneia
1303 948 1520 1016 Tempe,

246 1023 494 1091 AmissiS,
534 1028 598 1077 ut
633 1025 791 1093 fama,
831 1024 1026 1093 apibus
1061 1024 1362 1093 morboque
1398 1024 1666 1091 fameque,

237 1094 436 1152 Tristis
474 1099 547 1152 ad
583 1102 815 1154 extremi
854 1117 1066 1154 sacrum
1103 1106 1268 1167 caput
1304 1100 1520 1154 adstitit
1555 1101 1742 1168 amnis,

246 1174 420 1228 Multa
458 1192 708 1245 querens,
748 1181 917 1245 atque
953 1178 1055 1231 hac
1091 1176 1308 1231 adfatus
1346 1193 1474 1230 voce
1509 1183 1821 1244 parentem:
1888 1189 1962 1229 82⁰

242 1250 440 1319 Mater,
482 1252 693 1320 Cyrene
730 1259 923 1321 mater,
961 1271 1102 1322 quae
1139 1255 1372 1323 gurgitis
1409 1255 1570 1309 huius

245 1326 365 1380 lma
400 1331 571 1396 tenes,
613 1329 747 1396 quid
784 1347 873 1384 me
910 1331 1192 1399 praeclara
1229 1332 1398 1400 stirpe
1434 1332 1734 1385 deorum—-

240 1401 497 1471 simodo,
518 1420 681 1473 quem
703 1406 971 1472 perhibes,
992 1411 1152 1475 pater
1172 1411 1258 1461 est
1279 1407 1647 1475 Thymbraeus
1663 1408 1932 1477 Apollo—-

241 1478 487 1533 Invisum
524 1480 653 1535 fatis
690 1484 960 1549 genuisti?
1007 1488 1104 1537 aut
1141 1500 1251 1553 quo
1288 1484 1389 1537 tibi
1427 1484 1601 1537 nostri

241 1554 440 1609 Pulsus
480 1559 661 1611 amor?
707 1559 841 1626 quid
876 1576 964 1613 me
1001 1560 1210 1613 caelum
1248 1576 1470 1627 sperare
1507 1559 1768 1613 iubebas?
1882 1574 1956 1615 825

239 1631 327 1684 En
364 1632 529 1687 etiam
568 1634 707 1687 hunc
745 1636 921 1705 ipsum
958 1637 1106 1690 vitae
1144 1636 1392 1689 mortalis
1429 1636 1703 1703 honorem,

240 1708 419 1773 Quem
457 1710 589 1763 mihi
624 1712 714 1764 vix
748 1712 969 1780 frugum
1006 1717 1066 1767 et
1101 1715 1370 1782 pecudum
1410 1713 1658 1767 custodia
1694 1713 1885 1766 sollers

240 1787 439 1840 Omnia
476 1789 770 1856 temptanti
810 1791 1122 1856 extnderat,
1160 1794 1219 1844 te
1255 1797 1448 1857 matre,
1484 1791 1744 1858 relinquo

240 1862 383 1926 Quin
421 1879 537 1931 age,
572 1867 630 1918 et
665 1865 784 1933 ipsa
818 1867 981 1920 'manu
1015 1867 1189 1921 felicis
1226 1885 1356 1921 crue
1393 1869 1567 1933 silvas,

242 1940 350 1992 Fer
375 1940 606 1994 stabulis
629 1942 915 1996 inimicum⁴
928 1944 1112 2012 ignem
1137 1947 1304 2012 atque
1328 1945 1576 2006 interfice
1599 1943 1806 2003 messis,
1877 1955 1954 1996 3³0

238 2016 355 2070 Ure
394 2020 527 2082 sata,
564 2021 621 2070 et
656 2019 893 2072 validam
929 2021 985 2072 in
1021 2020 1148 2074 vitis
1184 2021 1376 2075 molire
1408 2022 1716 2090 bipennem,

236 2093 417 2147 Tanta
450 2109 607 2148 meae
643 2095 689 2148 si
723 2099 783 2148 te
820 2101 1086 2164 ceperunt
1122 2097 1308 2151 taedia
1345 2098 1536 2152 laudis.

236 2171 321 2223 At
356 2173 537 2223 mater
572 2172 808 2224 sonitum
846 2172 1086 2226 thalamo
1123 2173 1225 2227 sub
1259 2174 1494 2227 fluminis
1529 2173 1627 2228 alti

236 2246 437 2300 Sensit.
515 2246 650 2300 Eam
686 2249 890 2302 circum
927 2249 1143 2304 Milesia
1178 2251 1380 2303 vellera
1416 2249 1701 2318 Nymphae

236 2321 568 2392 Carpebant,
606 2322 748 2391 hyali
785 2329 971 2378 saturo
1007 2327 1194 2380 fucata
1229 2327 1422 2392 colore,
1875 2339 1949 2378 835

235 2399 569 2467 Drymoque,
610 2399 958 2470 Xanthoque,
1001 2402 1295 2470 Ligeaque,
1331 2402 1782 2472 Phyllodoceque,

235 2476 547 2530 Caesariem
585 2477 786 2532 effusae
824 2478 1054 2533 nitidam
1091 2496 1193 2548 per
1227 2479 1460 2533 candida
1495 2479 1645 2546 colla,

232 2551 487 2620 [Nesaee,
527 2553 779 2623 Spioque,
816 2554 1130 2624 Thaliaque,
1169 2553 1622 2625 Cymodoceque,]

235 2627 592 2698 Cydippeque
629 2635 687 2686 et
727 2632 867 2686 flava
904 2633 1174 2702 Lycorias,
1211 2633 1385 2686 altera
1417 2633 1585 2698 virgo,

242 2703 439 2758 Altera
473 2710 591 2761 tum
627 2710 833 2776 primos
874 2711 1112 2764 Lucinae
1150 2714 1380 2778 experta
1413 2707 1642 2775 labores,
1875 2716 1948 2758 340

235 2779 465 2851 Clioque
502 2787 559 2838 et
597 2785 775 2840 Beroe
811 2803 979 2856 soror,
1019 2786 1370 2840 Oceanitides
1406 2781 1613 2852 ambae,

231 2858 454 2914 Ambae
488 2878 637 2930 aure,
673 2863 837 2932 pictis
873 2864 1138 2917 incinctae
1176 2862 1410 2931 pellibus
1446 2860 1653 2929 ambae,

233 2935 429 3005 Atque
464 2937 699 3008 Ephyre,
736 2945 903 3009 atque
940 2940 1090 3008 Opis,
1129 2942 1187 2993 et
1225 2940 1360 2993 Asia.
1395 2937 1653 3006 Deiopea,

232 3012 310 3066 Et
344 3013 569 3069 tandem
604 3017 797 3085 positis
834 3018 993 3071 velox
1030 3016 1314 3070 Arethusa
1349 3014 1581 3082 sagittis,

234 3089 397 3144 Inter
432 3107 567 3159 quas
602 3109 789 3147 curam
827 3093 1086 3160 Clymene
1121 3091 1383 3144 narrabat
1417 3091 1630 3142 inanem
1873 3091 1946 3133 346

236 3165 481 3286 V⁰¹7⁰³¹¹i'
519 3168 829 3239 Martisque
862 3167 1021 3221 dolos
1057 3169 1122 3222 et
1154 3167 1334 3220 dulcia
1366 3166 1532 3228 furta,
