2163 3401
639 330 699 380 P.
732 329 1044 379 VERGILI
1078 328 1412 378 MARONIS

582 436 1608 556 GEORGIOON‘

721 663 958 718 LIBER.
1005 662 1344 718 TERTIUS.

944 860 1142 889 —4—

181 1008 263 1062 Tr.
298 1024 534 1078 quoque,
569 1025 765 1076 magna
802 1014 976 1079 Pales,
1012 1015 1071 1066 et
1105 1015 1166 1066 te
1199 1013 1550 1065 memorande
1583 1025 1843 1065 canemus

183 1084 381 1138 Pastor
415 1084 485 1136 ab
525 1084 850 1153 Ampliryw,
885 1103 996 1154 vos,
1034 1088 1202 1142 silvae
1217 1102 1532 1154 ‚amnesque
1570 1085 1782 1155 Lycaei.

181 1160 394 1227 Cetera,
432 1176 573 1227 quae
608 1176 803 1215 vacuas
838 1164 1148 1218 tenuissent
1183 1162 1423 1217 carmine
1456 1166 1685 1229 mentes,

181 1236 376 1290 Omnia
412 1236 518 1289 iam
558 1235 795 1303 volgata:
832 1239 955 1306 quis
991 1244 1091 1293 aut
1129 1238 1434 1307 Eurysthea
1469 1238 1680 1306 durum,

181 1315 298 1367 Aut
335 1311 599 1365 inlaudati
636 1314 811 1368 nescit
847 1315 1135 1368 Busiridis·
1155 1316 1310 1369 aras?

180 1390 281 1444 Cui
316 1406 422 1443 non
460 1388 641 1442 dictus
682 1390 854 1459 Hylas
889 1408 1029 1460 puer
1065 1395 1124 1445 et
1162 1391 1391 1445 Latonia
1427 1389 1608 1453 Delos,

179 1466 657 1535 Hippodameque,
692 1467 1029 1537 humeroque
1067 1467 1268 1535 Pelops
1303 1466 1530 1534 insignis
1566 1464 1792 1533 eburno,

178 1545 328 1597 Acer
366 1544 553 1611 equis?
626 1544 968 1613 Temptanda.
1003 1545 1092 1598 via
1127 1548 1232 1611 est,
1267 1559 1377 1612 qua
1411 1558 1499 1595 me
1535 1555 1753 1610 quoque

319 1636 521 1688 possun
1745 1677 1752 1681 ,

180 1694 392 1749 Tollere
430 1696 595 1750 humo
632 1698 912 1768 victorque
949 1698 1127 1751 virum
1163 1696 1394 1750 volitare
1430 1712 1530 1765 per
1566 1711 1677 1748 ora.

181 1771 396 1824 Primus
434 1790 536 1840 ego
571 1774 626 1826 in
663 1775 897 1843 patriam
932 1790 1160 1841 mecum,
1197 1773 1360 1826 modo
1396 1771 1510 1826 vita.
1546 1769 1799 1840 supersit,
1843 1783 1894 1824 ιο

180 1847 359 1902 Aonio
398 1849 615 1903 rediens
654 1849 921 1904 deducam
958 1851 1166 1904 vertice
1202 1849 1403 1913 Musas,

181 1924 399 1977 Primus
441 1924 731 1980 Idumaeas
767 1927 1000 1980 referam
1038 1925 1155 1990 tibi,
1195 1925 1438 1993 Mantua,
1473 1923 1696 1993 palmas,

182 2001 253 2056 Et
288 2000 447 2053 viridi
483 2002 538 2054 in
577 2018 768 2071 campo
806 2003 1075 2071 templum
1101 2003 1183 2058 .de
1219 2017 1487 2055 marmore
1523 2015 1719 2069 ponam

182 2076 417 2144 Propter
454 2094 666 2146 aquam,
706 2079 880 2132 tardis
915 2079 1106 2146 ingens
1141 2077 1237 2132 ubi
1271 2077 1504 2132 flexibus
1539 2079 1688 2130 errat

180 2153 412 2208 Mincius
450 2159 509 2208 et
543 2158 736 2209 tenera
770 2155 1046 2223 praetexit
1080 2154 1346 2208 arundine
1381 2154 1542 2224 ripas,
1843 2165 1896 2206 ιε

184 2231 247 2285 In
285 2231 467 2285 medio
506 2230 639 2284 mihi
680 2232 881 2286 Caesar
916 2233 1040 2299 erit,
1077 2231 1455 2300 templumque
1490 2227 1716 2283 tenebit.

182 2308 270 2361 Illi
305 2309 479 2362 victor
516 2325 616 2376 ego
655 2311 713 2361 et
750 2309 908 2376 Tyrio
943 2313 1268 2377 conspectus
1303 2308 1360 2360 in
1395 2310 1544 2360 ostro

180 2384 417 2438 Centum
455 2384 805 2454 quadriiugos
841 2385 1062 2453 agitabo
1099 2384 1172 2438 ad
1207 2383 1428 2438 flumina
1461 2399 1679 2448 currus;

181 2461 392 2515 Cuncta
427 2460 573 2527 mihi,
616 2461 891 2530 Alpheum
930 2461 1180 2530 linquens
1216 2461 1476 2529 lucosque
1511 2455 1791 2521 Molorchi,

181 2537 439 2592 Cursibus
476 2542 533 2592 et
575 2538 743 2592 crudo
781 2538 1043 2592 decernet
1078 2538 1307 2592 Graecia
1340 2539 1538 2590 mesta
1843 2547 1896 2588 ω

184 2614 322 2684 Ipse,
359 2620 521 2686 caput
558 2619 751 2669 tonsae
785 2615 927 2669 foliis
964 2618 1189 2668 ornatus
1225 2614 1416 2681 olivae,

183 2690 339 2746 Dona
372 2694 559 2748 feram.
639 2693 757 2746 Iam
792 2709 935 2746 nunc
973 2691 1247 2744 sollemnis
1285 2691 1489 2746 ducere
1524 2702 1750 2757 pompas

185 2768 275 2820 Ad
311 2767 541 2822 delubra
578 2771 730 2823 iuvat
765 2785 1061 2838 caesosque
1100 2767 1288 2821 videre
1325 2767 1594 2830 iuvencos,

182 2843 285 2896 Vel
323 2860 517 2898 scaena
552 2849 616 2898 ut
651 2845 820 2898 versis
856 2844 1104 2898 discedat
1136 2842 1424 2908 frontibus,
1460 2845 1634 2908 utque

184 2919 467 2987 Purpurea
502 2920 699 2973 intexti
736 2920 929 2973 tollant
966 2920 1158 2974 aulaea
1193 2918 1459 2972 Britanni.
1841 2929 1914 2970 ιε’

184 2994 253 3048 In
288 2993 496 3047 foribus
531 3010 769 3061 pugnam
808 3012 877 3046 ex
911 3012 1043 3049 auro
1081 2995 1363 3063 solidoque
1400 2993 1689 3061 elephanto

185 3067 558 3138 Gangaridum
593 3067 785 3122 faciam
822 3069 1152 3136 victorisque
1187 3087 1340 3124 arma
1378 3070 1606 3136 Quirini,
