2163 3401
190 85 252 133 7..
236 84 253 110 ³
645 80 705 129 P.
742 78 1053 128 VERGILI
1087 78 1350 129 MARON
1355 81 1422 127 IS

188 162 509 228 Admonuit,
543 162 667 213 tum
700 161 851 213 tecta
884 161 1098 227 petunt,
1133 162 1255 213 tum
1289 176 1520 229 corpora
1553 166 1783 227 curant;

187 236 280 292 Fit
314 238 536 304 sonitus,
569 240 925 304 mussantque
960 252 1086 289 oras
1121 239 1181 289 et
1214 236 1402 291 limina
1435 238 1654 292 circum.

186 312 333 381 Post,
368 312 463 366 ubi
496 314 607 365 iam
642 312 897 365 thalamis
934 329 993 365 se
1026 328 1378 381 conposuere,
1415 313 1608 368 siletur
1669 354 1674 361 .
1715 354 1718 359 -

185 388 255 443 In
291 391 520 455 noctem,
558 390 835 456 fessosque
872 404 1033 456 sopor
1068 404 1200 441 suus
1235 392 1465 458 occupat
1499 392 1665 445 artus.
1827 406 1902 444 190

183 464 303 519 Nec
336 481 464 518 vero
500 482 533 517 a
568 464 799 517 stabulis
832 463 1016 532 pluvia
1048 464 1388 532 inpendente
1421 465 1688 519 recedunt

183 540 435 609 LongiuS,
472 545 569 594 aut
605 539 836 593 credunt
872 539 1021 593 caelo
1058 538 1485 595 adventantibus
1521 542 1712 599 Eurisz

183 616 296 671 Sed
326 618 529 670 circum
564 620 719 669 tutae
755 616 856 669 sub
894 615 1178 670 moenibus
1212 616 1366 691 urbis
1401 622 1688 686 aquantur,

182 692 568 761 Excursusque
601 691 783 746 brevis
818 695 1110 761 temptant,
1147 696 1207 745 et
1243 709 1406 761 saepe
1440 694 1666 761 lapillos,

180 767 263 823 Ut
295 767 519 837 cymbae
552 767 833 822 instabiles
868 767 1041 822 fluctu
1072 767 1311 823 iactante
1347 768 1644 834 saburram,
1823 786 1893 826 ιω

180 844 430 908 Tollunt;
464 845 549 898 his
585 861 704 898 sese
740 860 841 912 per
873 844 1055 897 inania
1091 844 1278 899 nubila
1313 844 1536 901 librant.

180 919 346 975 Illum
381 921 520 976 adeo
555 921 823 989 placuisse
856 919 1048 990 apibus
1084 919 1356 976 mirabere
1390 938 1612 990 morem,

181 995 340 1061 Quod
375 1014 553 1065 neque
589 996 879 1050 concubitu
912 996 1216 1064 indulgent,
1251 1013 1354 1051 nec
1387 1014 1613 1066 corpora
1648 1013 1848 1065 segnes

180 1072 249 1125 In
286 1073 558 1127 Venerem
596 1071 829 1139 solvunt,
866 1076 965 1125 aut
998 1073 1146 1127 fetus
1180 1072 1398 1127 nixibus
1427 1073 1620 1141 edunt,

180 1148 386 1203 Verum
422 1149 575 1217 ipsae
612 1165 644 1201 e
679 1148 821 1200 foliis
856 1152 1015 1202 natos
1050 1152 1110 1203 et
1145 1148 1400 1203 suavibus
1435 1149 1620 1203 herbis
1821 1166 1892 1205 ιω

179 1224 289 1279 Ore
322 1226 531 1293 legunt,
569 1224 722 1293 ipsae
757 1241 947 1291 regem
983 1241 1292 1301 parvosque
1331 1226 1572 1290 Quirites

177 1301 475 1367 Sufficiunt,
511 1300 774 1369 aulasque
810 1304 869 1353 et
906 1317 1065 1355 cerea
1099 1318 1270 1369 regna
1305 1302 1596 1370 refingunt.

176 1376 351 1447 Saepe
386 1377 555 1431 ctiam
592 1376 746 1431 duris
782 1376 1017 1431 errando
1051 1378 1108 1431 in
1145 1377 1360 1431 cotibus
1395 1378 1510 1432 alas

176 1453 477 1521 Atti-ivere,
514 1454 773 1522 ultroque
806 1453 1045 1507 animam
1080 1451 1185 1507 sub
1220 1452 1367 1507 fasce
1403 1453 1625 1509 dedere.

175 1530 383 1585 Tantus
418 1546 571 1585 amor
604 1530 799 1583 florum
834 1533 894 1583 et
927 1528 1228 1599 generandi
1261 1529 1435 1597 gloria
1468 1529 1660 1583 mellis.
1813 1546 1890 1587 2⁰5

174 1605 318 1675 Ergo
354 1608 501 1675 ipsas
538 1606 785 1675 quamvis
822 1606 1040 1675 angusti
1076 1606 1343 1659 terminus
1378 1606 1496 1659 aevi

174 1682 675 1752 Excipiet—neque
710 1682 854 1737 enim
889 1682 1015 1752 plus
1052 1686 1305 1751 septuma
1341 1682 1562 1736 ducitur
1597 1685 1856 1746 aestas—

174 1760 254 1813 At
287 1775 460 1826 genus
496 1760 785 1814 inmortale
820 1762 1022 1827 manet,
1057 1759 1372 1828 multosque
1405 1775 1511 1828 per
1541 1775 1710 1814 annos

172 1829 297 1888 Stat
335 1835 581 1889 Fortuna
616 1835 824 1904 domus,
862 1839 922 1890 et
956 1834 1044 1888 avi
1078 1838 1438 1890 numerantur
1472 1850 1710 1888 avorum.

172 1911 469 1972 Praeterea
503 1928 691 1979 regem
725 1927 833 1965 non
868 1912 946 1966 sic
982 1912 1264 1980 Aegyptos
1299 1914 1359 1965 et
1392 1912 1586 1979 ingens
1811 1926 1890 1966 κιο

170 1986 357 2056 Lydia,
392 2003 494 2041 nec
527 1988 712 2056 populi
750 1988 1079 2044 Parthorum
1115 1991 1212 2042 aut
1247 1986 1448 2041 Medus
1487 1986 1779 2056 Hydaspes

171 2062 492 2118 Observant.
567 2065 722 2133 Rege
754 2064 1011 2118 incolumi
1046 2079 1201 2119 mens
1238 2063 1488 2116 omnibus
1523 2079 1632 2118 una
1665 2068 1782 2131 est3

172 2140 392 2194 Amisso
428 2157 627 2210 rupero
662 2140 845 2208 fidem,
880 2143 1304 2207 constructaque
1339 2138 1505 2194 mella'

170 2215 460 2285 Diripuere
494 2218 646 2286 ipsae
684 2219 743 2270 et
778 2217 944 2270 eratis
981 2216 1194 2270 solvere
1229 2216 1506 2282 favorum3

172 2293 274 2346 Ille
310 2310 534 2362 operum
569 2297 765 2358 eustos,
802 2293 956 2346 illum
992 2292 1352 2360 admirantur,
1388 2296 1447 2346 et
1481 2309 1669 2348 omnes
1809 2309 1886 2350 21⁶

170 2369 538 2423 Circumstant
572 2370 799 2422 fremitu
832 2369 1003 2422 denso
1040 2369 1357 2438 stipantque
1391 2369 1730 2438 frequentes,

171 2445 243 2498 Et
280 2461 442 2514 saepe
478 2445 739 2498 attollunt
774 2445 1033 2511 humeris,
1072 2450 1196 2499 cte
1167 2461 1396 2514 corpora
1431 2444 1574 2500 bello

169 2520 461 2576 Obiectant
496 2520 892 2590 pulchramque
928 2524 1129 2590 petunt
1161 2537 1264 2590 per
1298 2521 1521 2576 volnera
1554 2527 1808 2576 mortem.

239 2597 344 2650 His
381 2597 621 2667 quidam
642 2596 809 2666 signis
844 2602 1014 2665 atque
1048 2597 1184 2652 haec
1219 2598 1469 2665 exempla
1505 2597 1678 2652 secuti

168 2671 303 2726 Esse
339 2673 531 2741 apibus
568 2677 785 2743 partem
821 2673 1036 2728 divinae
1069 2673 1273 2729 mentis
1309 2677 1369 2728 et
1403 2673 1632 2728 haustus
1807 2688 1888 2728 220

170 2749 467 2802 Aetherios
502 2751 721 2804 dixere·
710 2793 723 2816 ,
758 2751 923 2805 deum
958 2766 1196 2818 namque
1231 2750 1313 2806 ire
1347 2767 1449 2820 per
1483 2750 1660 2804 omnis

168 2820 472 2890 'serrasque
507 2828 829 2895 tractusque
864 2827 1031 2880 maris
1066 2826 1388 2896 caelumque
1421 2825 1786 2896 profundum3

170 2897 316 2950 Hinc
349 2897 602 2964 pecudes,
638 2905 899 2966 armenta,
934 2903 1096 2968 viros,
1130 2919 1302 2969 genus
1339 2918 1500 2958 omne
1534 2902 1790 2967 ferarum,

170 2969 453 3038 Quemque
488 2973 592 3025 sibi
627 2976 807 3028 tenuis
841 2980 1157 3031 nascentem
1193 2993 1468 3032 arcessere
1503 2977 1680 3041 vitas3

168 3043 387 3098 seilicet
418 3047 525 3100 huc
559 3048 720 3102 reddi
758 3049 956 3103 deinde
992 3068 1055 3104 ac
1088 3051 1330 3105 resoluta
1365 3051 1560 3106 referri
1807 3063 1889 3104 m

170 3118 379 3172 Omnia·
414 3137 515 3174 nec
549 3123 711 3176 morti
748 3139 869 3176 esse
905 3125 1097 3192 locum,
1133 3125 1236 3180 sed
1267 3127 1391 3182 viva
1423 3125 1610 3183 volare
