2163 3401
764 146 1130 195 AENEIDOS
1163 146 1303 195 LIB.
1342 145 1445 195 VI.
1857 144 1949 191 199

240 229 441 285 Omnia
474 243 775 299 poenarum
812 242 1137 295 percurrere
1171 225 1391 279 nomina
1425 224 1646 295 possim.

312 306 469 359 Haec
504 304 601 358 ubi
637 301 785 356 dicta
820 301 977 357 dedit
1014 301 1222 354 Phoebi
1259 302 1524 369 longaeva
1558 300 1840 357 sacerdos:

242 382 352 437 Sed
377 383 488 435 iam
513 397 631 449 age,
656 394 817 447 carpe
842 378 985 431 viam
1012 383 1071 431 et
1097 381 1410 446 susceptum
1439 378 1642 447 perfice
1664 395 1892 444 munus;

242 458 655 521 Adceleremus,
691 454 798 521 ait;
848 454 1146 523 Cyclopum
1184 454 1384 507 educta
1419 455 1644 507 caminis
1877 469 1950 509 ssu

240 534 465 587 Moenia
498 532 771 601 conspicio
806 536 973 599 atque
1009 530 1242 583 adverso
1279 530 1487 585 fornice
1524 537 1728 601 portas,

242 610 401 663 Haec
434 608 531 662 ubi
567 624 667 661 nos
701 611 997 677 praecepta
1030 605 1225 661 iubent
1263 606 1538 675 deponere
1573 608 1732 663 dona.

239 686 489 752 Dixerat,
525 689 585 739 et
618 684 844 753 pariter,
878 682 1057 751 gressi
1093 698 1194 751 per
1230 700 1398 752 opaca
1433 686 1657 752 viarum,

241 762 563 829 Corripiunt
599 758 837 829 spatium
874 759 1137 827 medium,
1177 760 1496 830 foribusque
1530 762 1916 832 propinquant.

240 836 492 906 Occupat
528 839 749 890 Aeneas
784 836 1013 903 aditum,
1050 852 1360 905 corpusque
1394 838 1601 892 recenti
1877 852 1949 890 ess

240 913 471 983 Spargit
502 928 663 981 aqua,
699 926 1023 980 ramumque
1060 911 1290 966 adverso
1327 914 1384 966 in
1420 913 1606 967 limine
1639 912 1776 981 figit.

312 989 421 1042 His
458 988 679 1042 demum
716 989 937 1055 exactis,
972 988 1218 1056 perfecto
1253 1005 1480 1043 munere
1514 988 1688 1055 divae,

241 1066 535 1121 Devenere
569 1065 717 1118 locos
750 1065 925 1118 laetos
964 1068 1023 1118 et
1059 1082 1288 1119 amoena
1323 1066 1526 1120 virecta

244 1142 673 1195 Fortunatorum
706 1156 989 1195 nemorum
1028 1140 1301 1210 sedesque
1336 1142 1540 1196 beatas.

244 1217 477 1287 Largior
511 1216 601 1270 hic
634 1234 853 1286 campos
888 1218 1084 1271 aether
1122 1222 1180 1271 ct
1214 1217 1418 1273 lumine
1451 1218 1619 1273 vestit
1875 1233 1948 1272 σω

245 1295 544 1364 Purpureo,
582 1294 861 1363 solemque
896 1310 1070 1361 suum,
1109 1310 1208 1347 sua
1243 1294 1424 1349 sidera
1459 1299 1674 1350 norunt.

246 1370 383 1425 Pars
419 1371 475 1423 in
509 1370 805 1439 gramineis
840 1373 1102 1423 exercent
1140 1371 1386 1423 membra
1421 1371 1722 1439 palaestris,

246 1446 601 1502 Contendunt
635 1446 765 1499 ludo
802 1450 861 1500 et
896 1446 1047 1499 fulva
1085 1446 1364 1500 luctantur
1397 1462 1592 1512 arena3

248 1521 384 1576 l’ars
418 1522 652 1591 pedibus
686 1522 954 1591 plaudunt
990 1521 1217 1575 choreas
1251 1525 1312 1575 et
1345 1521 1586 1575 carmina
1619 1521 1824 1575 dicunt.

244 1598 364 1653 Nec
398 1615 509 1651 non
545 1598 825 1651 Threicius
861 1598 1023 1666 longa
1056 1614 1181 1651 cum
1217 1600 1370 1650 veste
1407 1597 1661 1651 sacerdos
1875 1611 1946 1651 645

246 1674 583 1744 Obloquitur
619 1675 857 1728 numeris
896 1678 1108 1744 septem
1151 1673 1464 1728 discrimina
1497 1690 1704 1741 vocum,

246 1752 480 1820 Iamque
515 1751 707 1804 eadem
746 1750 950 1820 digitis,
968 1751 1075 1804 iam
1115 1751 1330 1819 pectine
1366 1751 1548 1820 pulsat
1583 1749 1804 1804 eburno,

246 1827 355 1881 Hic
388 1843 563 1894 genus
598 1827 885 1895 antiquum
922 1826 1132 1894 Teucri,
1170 1827 1534 1896 pulcherrima
1568 1827 1764 1896 proles,

244 1901 580 1970 Magnanimi
616 1903 823 1968 heroes,
860 1903 975 1956 nati
1010 1904 1326 1957 melioribus
1358 1905 1528 1972 annis,

246 1978 474 2046 Ilusque
511 1980 922 2046 Assaracusque
961 1982 1019 2032 ct
1057 1979 1248 2032 Troiae
1289 1979 1580 2034 Dardanus
1614 1984 1816 2034 auctor.
1873 1994 1946 2032 650

246 2055 419 2107 Arma
455 2053 643 2122 procul
679 2069 979 2122 currusque
1016 2055 1193 2108 virum
1229 2056 1463 2110 miratur
1498 2057 1686 2110 inanis.

242 2129 407 2184 Stant
442 2133 595 2183 terra
629 2129 845 2184 defixae
879 2131 1086 2198 hastae,
1121 2132 1436 2201 passimque
1471 2134 1635 2186 soluti

243 2206 353 2260 Per
386 2221 639 2274 campum
674 2211 975 2275 pascuntur
1012 2208 1154 2277 equi.
1233 2208 1386 2272 Quae
1419 2210 1598 2276 gratia
1629 2223 1888 2261 curruum

241 2283 653 2351 Armorumque
688 2283 797 2337 fuit
832 2283 983 2352 vivis,
1022 2301 1162 2354 quae
1199 2301 1330 2339 cura
1365 2285 1592 2338 nitentis

242 2359 477 2412 Pascere
512 2374 697 2426 equos,
733 2360 929 2413 cadem
970 2362 1220 2429 sequitur
1255 2361 1454 2415 tellure
1489 2362 1754 2430 repostos.
1873 2373 1946 2412 655

241 2434 534 2504 Conspicit,
572 2452 711 2500 ecce,
747 2437 880 2490 alios
918 2437 1118 2491 dextra
1154 2438 1418 2508 laevaque
1451 2455 1554 2508 per
1587 2436 1813 2491 herbam

240 2511 531 2566 Vescentis
566 2512 883 2582 laetumque
918 2514 1083 2568 choro
1128 2515 1346 2569 Paeana
1379 2515 1622 2570 canentis

242 2588 401 2642 Inter
433 2587 725 2644 odoratum
762 2591 903 2644 lauri
943 2608 1149 2660 nemus,
1188 2590 1336 2645 unde
1373 2607 1604 2660 superne

239 2663 519 2718 Plurimus
557 2665 783 2721 Eridani
819 2685 921 2738 per
960 2668 1151 2722 silvam
1188 2668 1426 2723 volvitur
1458 2666 1646 2720 amnis.

238 2738 349 2793 Hic
385 2757 579 2796 manus
611 2743 684 2798 ob
720 2745 956 2814 patriam
991 2745 1284 2814 pugnando
1319 2744 1538 2798 volnera
1569 2741 1730 2812 passi,
1873 2753 1949 2794 ouo

237 2817 457 2886 Quique
494 2821 807 2875 sacerdotes
844 2822 996 2889 casti,
1036 2820 1167 2874 dum
1205 2821 1320 2875 vita
1354 2819 1627 2885 manebat,

236 2893 453 2964 Quique
487 2897 563 2965 pii
598 2901 754 2952 vates
790 2902 850 2952 et
887 2897 1106 2951 Phoebo
1144 2898 1312 2966 digna
1347 2897 1529 2962 locuti,

234 2971 500 3026 Inventas
536 2977 635 3027 aut
672 2975 769 3046 qui
807 2976 977 3029 vitam
1016 2975 1302 3028 excoluere
1339 2991 1440 3044 per
1473 2974 1624 3040 artie,

233 3047 453 3118 Quique
488 3051 573 3104 sui
608 3067 879 3105 memores
915 3052 1049 3104 alios
1087 3052 1268 3104 fecero
1306 3048 1595 3112 merend03

233 3122 501 3178 Omnibus
536 3126 625 3181 his
662 3129 822 3181 nivea
856 3128 1158 3195 cinguntur
1187 3129 1440 3192 tempora
1477 3121 1632 3174 vitta.
1875 3129 1947 3166 ωδ

234 3200 385 3266 Quos
418 3201 773 3257 circumfusos
810 3203 890 3256 sic
925 3205 1012 3255 est
1047 3201 1238 3254 adfata
1273 3196 1496 3264 Sibylla,
