<?xml version="1.0" encoding="UTF-8"?>
<!DOCTYPE html PUBLIC "-//W3C//DTD XHTML 1.0 Transitional//EN"
    "http://www.w3.org/TR/xhtml1/DTD/xhtml1-transitional.dtd">
<html xmlns="http://www.w3.org/1999/xhtml" xml:lang="en" lang="en">
 <head>
  <title>
</title>
<meta http-equiv="Content-Type" content="text/html;charset=utf-8" />
  <meta name='ocr-system' content='tesseract 3.04.00' />
  <meta name='ocr-capabilities' content='ocr_page ocr_carea ocr_par ocr_line ocrx_word'/>
</head>
<body>
  <div class='ocr_page' id='page_1' title='image "./operaexrecensio04virggoog/operaexrecensio04virggoog_0243.png"; bbox 0 0 2163 3401; ppageno 0'>
   <div class='ocr_carea' id='block_1_1' title="bbox 786 118 2016 173">
    <p class='ocr_par' dir='ltr' id='par_1_1' title="bbox 786 118 2016 173">
     <span class='ocr_line' id='line_1_1' title="bbox 786 118 2016 173; baseline 0.006 -9"><span class='ocrx_word' id='word_1_1' title='bbox 786 118 1146 167; x_wconf 83' lang='lat' dir='ltr'><strong>AENEIDOS</strong></span> <span class='ocrx_word' id='word_1_2' title='bbox 1183 118 1318 169; x_wconf 88' lang='lat' dir='ltr'><strong>LIB.</strong></span> <span class='ocrx_word' id='word_1_3' title='bbox 1359 120 1521 169; x_wconf 85' lang='lat' dir='ltr'><strong>VIII.</strong></span> <span class='ocrx_word' id='word_1_4' title='bbox 1921 124 2016 173; x_wconf 83' lang='lat'><strong>229</strong></span> 
     </span>
    </p>
   </div>
   <div class='ocr_carea' id='block_1_2' title="bbox 286 197 2010 3232">
    <p class='ocr_par' dir='ltr' id='par_1_2' title="bbox 306 197 1709 268">
     <span class='ocr_line' id='line_1_2' title="bbox 306 197 1709 268; baseline 0.002 -17"><span class='ocrx_word' id='word_1_5' title='bbox 306 199 548 263; x_wconf 80' lang='lat' dir='ltr'><strong>Lumina,</strong></span> <span class='ocrx_word' id='word_1_6' title='bbox 585 198 695 249; x_wconf 86' lang='lat' dir='ltr'><strong>rite</strong></span> <span class='ocrx_word' id='word_1_7' title='bbox 730 198 872 249; x_wconf 77' lang='lat' dir='ltr'><strong>cavis</strong></span> <span class='ocrx_word' id='word_1_8' title='bbox 908 197 1113 250; x_wconf 86' lang='lat' dir='ltr'><strong>undam</strong></span> <span class='ocrx_word' id='word_1_9' title='bbox 1151 197 1222 251; x_wconf 89' lang='lat' dir='ltr'><strong>de</strong></span> <span class='ocrx_word' id='word_1_10' title='bbox 1257 198 1480 253; x_wconf 88' lang='lat' dir='ltr'><strong>flumine</strong></span> <span class='ocrx_word' id='word_1_11' title='bbox 1514 200 1709 268; x_wconf 82' lang='lat' dir='ltr'><strong>palmis</strong></span> 
     </span>
    </p>

    <p class='ocr_par' dir='ltr' id='par_1_3' title="bbox 297 271 2005 339">
     <span class='ocr_line' id='line_1_3' title="bbox 297 271 2005 339; baseline 0.005 -13"><span class='ocrx_word' id='word_1_12' title='bbox 297 274 564 339; x_wconf 78' lang='lat' dir='ltr'>Sustinet,</span> <span class='ocrx_word' id='word_1_13' title='bbox 601 287 667 324; x_wconf 90' lang='lat' dir='ltr'><strong>ac</strong></span> <span class='ocrx_word' id='word_1_14' title='bbox 701 271 827 324; x_wconf 86' lang='lat' dir='ltr'><strong>talis</strong></span> <span class='ocrx_word' id='word_1_15' title='bbox 862 273 1092 327; x_wconf 81' lang='lat' dir='ltr'><strong>effundit</strong></span> <span class='ocrx_word' id='word_1_16' title='bbox 1127 274 1198 327; x_wconf 86' lang='lat' dir='ltr'><strong>ad</strong></span> <span class='ocrx_word' id='word_1_17' title='bbox 1234 275 1460 329; x_wconf 82' lang='lat' dir='ltr'><strong>aethera</strong></span> <span class='ocrx_word' id='word_1_18' title='bbox 1493 292 1676 329; x_wconf 82' lang='lat' dir='ltr'><strong>voces:</strong></span> <span class='ocrx_word' id='word_1_19' title='bbox 1957 292 2005 335; x_wconf 70' lang='grc' dir='ltr'><strong>το</strong></span> 
     </span>
    </p>

    <p class='ocr_par' dir='ltr' id='par_1_4' title="bbox 299 348 2010 425">
     <span class='ocr_line' id='line_1_4' title="bbox 299 348 2010 425; baseline 0.006 -24"><span class='ocrx_word' id='word_1_20' title='bbox 299 348 603 417; x_wconf 79' lang='lat' dir='ltr'><strong>Nymphae,</strong></span> <span class='ocrx_word' id='word_1_21' title='bbox 628 348 931 402; x_wconf 81' lang='lat' dir='ltr'><strong>Laurentes</strong></span> <span class='ocrx_word' id='word_1_22' title='bbox 956 349 1255 418; x_wconf 75' lang='lat' dir='ltr'><strong>Nymphae,</strong></span> <span class='ocrx_word' id='word_1_23' title='bbox 1280 368 1453 419; x_wconf 87' lang='lat' dir='ltr'><strong>genus</strong></span> <span class='ocrx_word' id='word_1_24' title='bbox 1477 352 1726 406; x_wconf 84' lang='lat' dir='ltr'><strong>amnibus</strong></span> <span class='ocrx_word' id='word_1_25' title='bbox 1743 354 1891 409; x_wconf 90' lang='lat' dir='ltr'><strong>unde</strong></span> <span class='ocrx_word' id='word_1_26' title='bbox 1910 360 2010 425; x_wconf 88' lang='lat' dir='ltr'><strong>est,</strong></span> 
     </span>
    </p>

    <p class='ocr_par' dir='ltr' id='par_1_5' title="bbox 298 424 1855 497">
     <span class='ocr_line' id='line_1_5' title="bbox 298 424 1855 497; baseline 0.004 -20"><span class='ocrx_word' id='word_1_27' title='bbox 298 426 505 493; x_wconf 80' lang='lat' dir='ltr'><strong>Tuque,</strong></span> <span class='ocrx_word' id='word_1_28' title='bbox 540 441 573 476; x_wconf 92' lang='grc' dir='ltr'>ο</span> <span class='ocrx_word' id='word_1_29' title='bbox 611 424 813 492; x_wconf 85' lang='lat' dir='ltr'>Thybri</span> <span class='ocrx_word' id='word_1_30' title='bbox 850 428 944 478; x_wconf 88' lang='lat' dir='ltr'><strong>tuo</strong></span> <span class='ocrx_word' id='word_1_31' title='bbox 978 426 1198 493; x_wconf 87' lang='lat' dir='ltr'><strong>genitor</strong></span> <span class='ocrx_word' id='word_1_32' title='bbox 1233 444 1357 481; x_wconf 90' lang='lat' dir='ltr'><strong>cum</strong></span> <span class='ocrx_word' id='word_1_33' title='bbox 1393 428 1615 483; x_wconf 90' lang='lat' dir='ltr'><strong>flumine</strong></span> <span class='ocrx_word' id='word_1_34' title='bbox 1652 434 1855 497; x_wconf 81' lang='lat' dir='ltr'><strong>sancte,</strong></span> 
     </span>
    </p>

    <p class='ocr_par' dir='ltr' id='par_1_6' title="bbox 297 501 1677 573">
     <span class='ocr_line' id='line_1_6' title="bbox 297 501 1677 573; baseline 0.004 -20"><span class='ocrx_word' id='word_1_35' title='bbox 297 501 552 569; x_wconf 75' lang='lat' dir='ltr'><strong>Accipite</strong></span> <span class='ocrx_word' id='word_1_36' title='bbox 592 502 831 565; x_wconf 87' lang='lat' dir='ltr'><strong>Aenean,</strong></span> <span class='ocrx_word' id='word_1_37' title='bbox 871 506 931 555; x_wconf 91' lang='lat' dir='ltr'><strong>et</strong></span> <span class='ocrx_word' id='word_1_38' title='bbox 966 502 1191 555; x_wconf 85' lang='lat' dir='ltr'><strong>tandem</strong></span> <span class='ocrx_word' id='word_1_39' title='bbox 1228 507 1412 559; x_wconf 87' lang='lat' dir='ltr'><strong>arcete</strong></span> <span class='ocrx_word' id='word_1_40' title='bbox 1448 504 1677 573; x_wconf 90' lang='lat' dir='ltr'><strong>periclis.</strong></span> 
     </span>
    </p>

    <p class='ocr_par' dir='ltr' id='par_1_7' title="bbox 295 572 1991 654">
     <span class='ocr_line' id='line_1_7' title="bbox 295 572 1991 654; baseline 0.005 -23"><span class='ocrx_word' id='word_1_41' title='bbox 295 578 419 641; x_wconf 85' lang='lat' dir='ltr'><strong>Quo</strong></span> <span class='ocrx_word' id='word_1_42' title='bbox 454 580 515 631; x_wconf 85' lang='lat' dir='ltr'><strong>te</strong></span> <span class='ocrx_word' id='word_1_43' title='bbox 548 594 783 644; x_wconf 85' lang='lat' dir='ltr'><strong>cumque</strong></span> <span class='ocrx_word' id='word_1_44' title='bbox 817 572 981 643; x_wconf 87' lang='lat' dir='ltr'><strong>lacus,</strong></span> <span class='ocrx_word' id='word_1_45' title='bbox 1020 579 1373 634; x_wconf 80' lang='lat' dir='ltr'><strong>miserantem</strong></span> <span class='ocrx_word' id='word_1_46' title='bbox 1411 582 1752 637; x_wconf 82' lang='lat' dir='ltr'><strong>incommoda</strong></span> <span class='ocrx_word' id='word_1_47' title='bbox 1787 589 1991 654; x_wconf 80' lang='lat' dir='ltr'><strong>nostra,</strong></span> 
     </span>
    </p>

    <p class='ocr_par' dir='ltr' id='par_1_8' title="bbox 296 655 2007 729">
     <span class='ocr_line' id='line_1_8' title="bbox 296 655 2007 729; baseline 0.005 -22"><span class='ocrx_word' id='word_1_48' title='bbox 296 655 475 709; x_wconf 81' lang='lat' dir='ltr'><strong>Fonte</strong></span> <span class='ocrx_word' id='word_1_49' title='bbox 512 657 681 718; x_wconf 88' lang='lat' dir='ltr'><strong>tenet,</strong></span> <span class='ocrx_word' id='word_1_50' title='bbox 720 670 1061 722; x_wconf 88' lang='lat' dir='ltr'><strong>quocumque</strong></span> <span class='ocrx_word' id='word_1_51' title='bbox 1097 656 1212 708; x_wconf 87' lang='lat' dir='ltr'><strong>solo</strong></span> <span class='ocrx_word' id='word_1_52' title='bbox 1247 656 1643 725; x_wconf 87' lang='lat' dir='ltr'><strong>pulcherrimus</strong></span> <span class='ocrx_word' id='word_1_53' title='bbox 1678 660 1810 729; x_wconf 73' lang='lat' dir='ltr'><strong>exie,</strong></span> <span class='ocrx_word' id='word_1_54' title='bbox 1958 676 2007 719; x_wconf 69' lang='lat'><strong>75</strong></span> 
     </span>
    </p>

    <p class='ocr_par' dir='ltr' id='par_1_9' title="bbox 296 730 1784 805">
     <span class='ocr_line' id='line_1_9' title="bbox 296 730 1784 805; baseline 0.004 -22"><span class='ocrx_word' id='word_1_55' title='bbox 296 731 528 799; x_wconf 85' lang='lat' dir='ltr'><strong>Semper</strong></span> <span class='ocrx_word' id='word_1_56' title='bbox 564 730 769 783; x_wconf 87' lang='lat' dir='ltr'><strong>honore</strong></span> <span class='ocrx_word' id='word_1_57' title='bbox 803 746 940 795; x_wconf 86' lang='lat' dir='ltr'><strong>mee,</strong></span> <span class='ocrx_word' id='word_1_58' title='bbox 976 748 1194 800; x_wconf 78' lang='lat' dir='ltr'><strong>semper</strong></span> <span class='ocrx_word' id='word_1_59' title='bbox 1228 732 1576 787; x_wconf 79' lang='lat' dir='ltr'><strong>celebrabere</strong></span> <span class='ocrx_word' id='word_1_60' title='bbox 1611 735 1784 805; x_wconf 86' lang='lat' dir='ltr'><strong>donis,</strong></span> 
     </span>
    </p>

    <p class='ocr_par' dir='ltr' id='par_1_10' title="bbox 296 806 1842 879">
     <span class='ocr_line' id='line_1_10' title="bbox 296 806 1842 879; baseline 0.005 -20"><span class='ocrx_word' id='word_1_61' title='bbox 296 806 562 874; x_wconf 85' lang='lat' dir='ltr'><strong>Corniger</strong></span> <span class='ocrx_word' id='word_1_62' title='bbox 604 806 973 875; x_wconf 86' lang='lat' dir='ltr'><strong>Hesperidum</strong></span> <span class='ocrx_word' id='word_1_63' title='bbox 1012 806 1236 863; x_wconf 83' lang='lat' dir='ltr'><strong>Fluvius</strong></span> <span class='ocrx_word' id='word_1_64' title='bbox 1271 813 1529 875; x_wconf 85' lang='lat' dir='ltr'><strong>regnator</strong></span> <span class='ocrx_word' id='word_1_65' title='bbox 1564 828 1842 879; x_wconf 87' lang='lat' dir='ltr'><strong>aquarum.</strong></span> 
     </span>
    </p>

    <p class='ocr_par' dir='ltr' id='par_1_11' title="bbox 295 882 1773 952">
     <span class='ocr_line' id='line_1_11' title="bbox 295 882 1773 952; baseline 0.004 -17"><span class='ocrx_word' id='word_1_66' title='bbox 295 882 471 936; x_wconf 86' lang='lat' dir='ltr'><strong>Adsis</strong></span> <span class='ocrx_word' id='word_1_67' title='bbox 506 900 541 935; x_wconf 91' lang='lat' dir='ltr'><strong>o</strong></span> <span class='ocrx_word' id='word_1_68' title='bbox 579 886 793 936; x_wconf 86' lang='lat' dir='ltr'><strong>tantum</strong></span> <span class='ocrx_word' id='word_1_69' title='bbox 830 887 890 937; x_wconf 91' lang='lat' dir='ltr'><strong>et</strong></span> <span class='ocrx_word' id='word_1_70' title='bbox 924 885 1150 952; x_wconf 87' lang='lat' dir='ltr'><strong>propius</strong></span> <span class='ocrx_word' id='word_1_71' title='bbox 1184 890 1282 939; x_wconf 88' lang='lat' dir='ltr'><strong>tua</strong></span> <span class='ocrx_word' id='word_1_72' title='bbox 1316 887 1540 939; x_wconf 86' lang='lat' dir='ltr'><strong>numina</strong></span> <span class='ocrx_word' id='word_1_73' title='bbox 1575 888 1773 942; x_wconf 90' lang='lat' dir='ltr'><strong>firmes.</strong></span> 
     </span>
    </p>

    <p class='ocr_par' dir='ltr' id='par_1_12' title="bbox 295 959 1854 1032">
     <span class='ocr_line' id='line_1_12' title="bbox 295 959 1854 1032; baseline 0.003 -19"><span class='ocrx_word' id='word_1_74' title='bbox 295 959 387 1013; x_wconf 89' lang='lat' dir='ltr'><strong>Sic</strong></span> <span class='ocrx_word' id='word_1_75' title='bbox 423 962 707 1027; x_wconf 86' lang='lat' dir='ltr'><strong>memorat,</strong></span> <span class='ocrx_word' id='word_1_76' title='bbox 741 959 1098 1027; x_wconf 87' lang='lat' dir='ltr'><strong>geminasque</strong></span> <span class='ocrx_word' id='word_1_77' title='bbox 1132 961 1267 1029; x_wconf 90' lang='lat' dir='ltr'><strong>legit</strong></span> <span class='ocrx_word' id='word_1_78' title='bbox 1302 961 1374 1014; x_wconf 88' lang='lat' dir='ltr'><strong>de</strong></span> <span class='ocrx_word' id='word_1_79' title='bbox 1409 962 1580 1016; x_wconf 83' lang='lat' dir='ltr'><strong>classe</strong></span> <span class='ocrx_word' id='word_1_80' title='bbox 1616 963 1854 1032; x_wconf 88' lang='lat' dir='ltr'><strong>biremis,</strong></span> 
     </span>
    </p>

    <p class='ocr_par' dir='ltr' id='par_1_13' title="bbox 294 1035 2007 1185">
     <span class='ocr_line' id='line_1_13' title="bbox 294 1035 2007 1106; baseline 0.004 -17"><span class='ocrx_word' id='word_1_81' title='bbox 294 1035 661 1105; x_wconf 81' lang='lat' dir='ltr'><strong>Remigioque</strong></span> <span class='ocrx_word' id='word_1_82' title='bbox 696 1040 883 1106; x_wconf 77' lang='lat' dir='ltr'><strong>aptat3</strong></span> <span class='ocrx_word' id='word_1_83' title='bbox 918 1036 1092 1089; x_wconf 90' lang='lat' dir='ltr'><strong>socios</strong></span> <span class='ocrx_word' id='word_1_84' title='bbox 1127 1038 1287 1090; x_wconf 84' lang='lat' dir='ltr'><strong>simul</strong></span> <span class='ocrx_word' id='word_1_85' title='bbox 1323 1038 1548 1092; x_wconf 84' lang='lat' dir='ltr'><strong>instruit</strong></span> <span class='ocrx_word' id='word_1_86' title='bbox 1583 1041 1762 1093; x_wconf 84' lang='lat' dir='ltr'><strong>armis.</strong></span> <span class='ocrx_word' id='word_1_87' title='bbox 1957 1057 2007 1095; x_wconf 81' lang='lat' dir='ltr'><strong>so</strong></span> 
     </span>
     <span class='ocr_line' id='line_1_14' title="bbox 363 1112 2006 1185; baseline 0.003 -19"><span class='ocrx_word' id='word_1_88' title='bbox 363 1113 505 1167; x_wconf 85' lang='lat' dir='ltr'><strong>Eece</strong></span> <span class='ocrx_word' id='word_1_89' title='bbox 532 1116 714 1166; x_wconf 88' lang='lat' dir='ltr'><strong>autem</strong></span> <span class='ocrx_word' id='word_1_90' title='bbox 743 1112 983 1165; x_wconf 88' lang='lat' dir='ltr'><strong>subitum</strong></span> <span class='ocrx_word' id='word_1_91' title='bbox 1006 1116 1175 1181; x_wconf 87' lang='lat' dir='ltr'><strong>atque</strong></span> <span class='ocrx_word' id='word_1_92' title='bbox 1206 1113 1375 1167; x_wconf 88' lang='lat' dir='ltr'><strong>oculis</strong></span> <span class='ocrx_word' id='word_1_93' title='bbox 1407 1114 1653 1169; x_wconf 84' lang='lat' dir='ltr'><strong>mirabile</strong></span> <span class='ocrx_word' id='word_1_94' title='bbox 1687 1120 2006 1185; x_wconf 88' lang='lat' dir='ltr'><strong>monstrum,</strong></span> 
     </span>
    </p>

    <p class='ocr_par' dir='ltr' id='par_1_14' title="bbox 292 1190 1660 1259">
     <span class='ocr_line' id='line_1_15' title="bbox 292 1190 1660 1259; baseline 0.001 -15"><span class='ocrx_word' id='word_1_95' title='bbox 292 1190 547 1244; x_wconf 85' lang='lat' dir='ltr'><strong>Candida</strong></span> <span class='ocrx_word' id='word_1_96' title='bbox 580 1206 681 1259; x_wconf 90' lang='lat' dir='ltr'><strong>per</strong></span> <span class='ocrx_word' id='word_1_97' title='bbox 716 1190 903 1243; x_wconf 81' lang='lat' dir='ltr'><strong>silvam</strong></span> <span class='ocrx_word' id='word_1_98' title='bbox 941 1207 1065 1243; x_wconf 89' lang='lat' dir='ltr'><strong>cum</strong></span> <span class='ocrx_word' id='word_1_99' title='bbox 1100 1190 1218 1244; x_wconf 86' lang='lat' dir='ltr'><strong>fetu</strong></span> <span class='ocrx_word' id='word_1_100' title='bbox 1253 1192 1502 1244; x_wconf 89' lang='lat' dir='ltr'><strong>concolor</strong></span> <span class='ocrx_word' id='word_1_101' title='bbox 1537 1192 1660 1246; x_wconf 87' lang='lat' dir='ltr'><strong>albo</strong></span> 
     </span>
    </p>

    <p class='ocr_par' dir='ltr' id='par_1_15' title="bbox 294 1264 1718 1336">
     <span class='ocr_line' id='line_1_16' title="bbox 294 1264 1718 1336; baseline 0.005 -20"><span class='ocrx_word' id='word_1_102' title='bbox 294 1264 597 1319; x_wconf 83' lang='lat' dir='ltr'><strong>Procubuit</strong></span> <span class='ocrx_word' id='word_1_103' title='bbox 634 1265 905 1335; x_wconf 83' lang='lat' dir='ltr'><strong>viridique</strong></span> <span class='ocrx_word' id='word_1_104' title='bbox 943 1267 1001 1319; x_wconf 89' lang='lat' dir='ltr'><strong>in</strong></span> <span class='ocrx_word' id='word_1_105' title='bbox 1039 1265 1200 1319; x_wconf 90' lang='lat' dir='ltr'><strong>litore</strong></span> <span class='ocrx_word' id='word_1_106' title='bbox 1237 1268 1564 1336; x_wconf 87' lang='lat' dir='ltr'><strong>conspicitur</strong></span> <span class='ocrx_word' id='word_1_107' title='bbox 1599 1286 1718 1323; x_wconf 85' lang='lat' dir='ltr'><strong>sus:</strong></span> 
     </span>
    </p>

    <p class='ocr_par' dir='ltr' id='par_1_16' title="bbox 292 1342 1864 1412">
     <span class='ocr_line' id='line_1_17' title="bbox 292 1342 1864 1412; baseline 0.003 -17"><span class='ocrx_word' id='word_1_108' title='bbox 292 1342 472 1407; x_wconf 84' lang='lat' dir='ltr'><strong>Quam</strong></span> <span class='ocrx_word' id='word_1_109' title='bbox 508 1342 631 1411; x_wconf 88' lang='lat' dir='ltr'><strong>pius</strong></span> <span class='ocrx_word' id='word_1_110' title='bbox 669 1344 891 1396; x_wconf 80' lang='lat' dir='ltr'><strong>Aeneas</strong></span> <span class='ocrx_word' id='word_1_111' title='bbox 927 1343 1028 1396; x_wconf 86' lang='lat' dir='ltr'><strong>tibi</strong></span> <span class='ocrx_word' id='word_1_112' title='bbox 1066 1343 1224 1411; x_wconf 84' lang='lat' dir='ltr'><strong>enim,</strong></span> <span class='ocrx_word' id='word_1_113' title='bbox 1262 1342 1379 1409; x_wconf 86' lang='lat' dir='ltr'><strong>tibi,</strong></span> <span class='ocrx_word' id='word_1_114' title='bbox 1418 1360 1672 1398; x_wconf 85' lang='lat' dir='ltr'><strong>maxuma</strong></span> <span class='ocrx_word' id='word_1_115' title='bbox 1711 1346 1864 1412; x_wconf 85' lang='lat' dir='ltr'><strong>lune,</strong></span> 
     </span>
    </p>

    <p class='ocr_par' dir='ltr' id='par_1_17' title="bbox 291 1419 2004 1488">
     <span class='ocr_line' id='line_1_18' title="bbox 291 1419 2004 1488; baseline 0.001 -15"><span class='ocrx_word' id='word_1_116' title='bbox 291 1419 352 1473; x_wconf 85' lang='lat' dir='ltr'>M</span> <span class='ocrx_word' id='word_1_117' title='bbox 358 1423 523 1487; x_wconf 86' lang='lat' dir='ltr'><strong>aetat,</strong></span> <span class='ocrx_word' id='word_1_118' title='bbox 561 1436 717 1472; x_wconf 86' lang='lat' dir='ltr'><strong>sacra</strong></span> <span class='ocrx_word' id='word_1_119' title='bbox 750 1419 943 1486; x_wconf 87' lang='lat' dir='ltr'><strong>ferens,</strong></span> <span class='ocrx_word' id='word_1_120' title='bbox 981 1424 1039 1473; x_wconf 91' lang='lat' dir='ltr'><strong>et</strong></span> <span class='ocrx_word' id='word_1_121' title='bbox 1074 1440 1195 1476; x_wconf 88' lang='lat' dir='ltr'><strong>cum</strong></span> <span class='ocrx_word' id='word_1_122' title='bbox 1233 1436 1402 1488; x_wconf 86' lang='lat' dir='ltr'><strong>grege</strong></span> <span class='ocrx_word' id='word_1_123' title='bbox 1439 1421 1588 1477; x_wconf 82' lang='lat' dir='ltr'><strong>sistit</strong></span> <span class='ocrx_word' id='word_1_124' title='bbox 1622 1420 1696 1474; x_wconf 78' lang='lat' dir='ltr'><strong>ad</strong></span> <span class='ocrx_word' id='word_1_125' title='bbox 1730 1438 1893 1473; x_wconf 83' lang='lat' dir='ltr'><strong>aram.</strong></span> <span class='ocrx_word' id='word_1_126' title='bbox 1954 1436 2004 1475; x_wconf 72' lang='lat'><strong>86</strong></span> 
     </span>
    </p>

    <p class='ocr_par' dir='ltr' id='par_1_18' title="bbox 289 1495 1978 1565">
     <span class='ocr_line' id='line_1_19' title="bbox 289 1495 1978 1565; baseline 0.001 -17"><span class='ocrx_word' id='word_1_127' title='bbox 289 1495 527 1563; x_wconf 81' lang='lat' dir='ltr'><strong>Thybris</strong></span> <span class='ocrx_word' id='word_1_128' title='bbox 564 1512 631 1549; x_wconf 83' lang='lat' dir='ltr'><strong>ea</strong></span> <span class='ocrx_word' id='word_1_129' title='bbox 664 1496 899 1562; x_wconf 86' lang='lat' dir='ltr'><strong>fluvium,</strong></span> <span class='ocrx_word' id='word_1_130' title='bbox 936 1512 1104 1565; x_wconf 84' lang='lat' dir='ltr'><strong>quam</strong></span> <span class='ocrx_word' id='word_1_131' title='bbox 1139 1496 1302 1564; x_wconf 87' lang='lat' dir='ltr'><strong>longa</strong></span> <span class='ocrx_word' id='word_1_132' title='bbox 1336 1500 1440 1563; x_wconf 91' lang='lat' dir='ltr'><strong>est,</strong></span> <span class='ocrx_word' id='word_1_133' title='bbox 1476 1500 1636 1549; x_wconf 90' lang='lat' dir='ltr'><strong>nocte</strong></span> <span class='ocrx_word' id='word_1_134' title='bbox 1672 1499 1978 1550; x_wconf 84' lang='lat' dir='ltr'><strong>tumentem</strong></span> 
     </span>
    </p>

    <p class='ocr_par' dir='ltr' id='par_1_19' title="bbox 290 1572 1666 1640">
     <span class='ocr_line' id='line_1_20' title="bbox 290 1572 1666 1640; baseline 0.001 -17"><span class='ocrx_word' id='word_1_135' title='bbox 290 1572 495 1638; x_wconf 80' lang='lat' dir='ltr'><strong>Leniit,</strong></span> <span class='ocrx_word' id='word_1_136' title='bbox 535 1575 593 1625; x_wconf 90' lang='lat' dir='ltr'><strong>ct</strong></span> <span class='ocrx_word' id='word_1_137' title='bbox 631 1572 797 1625; x_wconf 86' lang='lat' dir='ltr'><strong>tacita</strong></span> <span class='ocrx_word' id='word_1_138' title='bbox 831 1572 1065 1626; x_wconf 82' lang='lat' dir='ltr'><strong>refluens</strong></span> <span class='ocrx_word' id='word_1_139' title='bbox 1102 1573 1182 1626; x_wconf 82' lang='lat' dir='ltr'><strong>ita.</strong></span> <span class='ocrx_word' id='word_1_140' title='bbox 1221 1572 1467 1626; x_wconf 81' lang='lat' dir='ltr'><strong>substitit</strong></span> <span class='ocrx_word' id='word_1_141' title='bbox 1504 1572 1666 1640; x_wconf 84' lang='lat' dir='ltr'><strong>unda,</strong></span> 
     </span>
    </p>

    <p class='ocr_par' dir='ltr' id='par_1_20' title="bbox 291 1648 1752 1718">
     <span class='ocr_line' id='line_1_21' title="bbox 291 1648 1752 1718; baseline 0.001 -16"><span class='ocrx_word' id='word_1_142' title='bbox 291 1648 457 1702; x_wconf 89' lang='lat' dir='ltr'><strong>Mitis</strong></span> <span class='ocrx_word' id='word_1_143' title='bbox 490 1652 555 1703; x_wconf 91' lang='lat' dir='ltr'><strong>ut</strong></span> <span class='ocrx_word' id='word_1_144' title='bbox 591 1649 647 1702; x_wconf 90' lang='lat' dir='ltr'><strong>in</strong></span> <span class='ocrx_word' id='word_1_145' title='bbox 684 1666 890 1703; x_wconf 85' lang='lat' dir='ltr'><strong>morem</strong></span> <span class='ocrx_word' id='word_1_146' title='bbox 926 1649 1106 1717; x_wconf 85' lang='lat' dir='ltr'><strong>stagni</strong></span> <span class='ocrx_word' id='word_1_147' title='bbox 1143 1648 1500 1718; x_wconf 81' lang='lat' dir='ltr'><strong>placidaeque</strong></span> <span class='ocrx_word' id='word_1_148' title='bbox 1536 1649 1752 1718; x_wconf 85' lang='lat' dir='ltr'><strong>paludis</strong></span> 
     </span>
    </p>

    <p class='ocr_par' dir='ltr' id='par_1_21' title="bbox 290 1725 1889 1793">
     <span class='ocr_line' id='line_1_22' title="bbox 290 1725 1889 1793; baseline 0.003 -15"><span class='ocrx_word' id='word_1_149' title='bbox 290 1725 583 1779; x_wconf 81' lang='lat' dir='ltr'><strong>Sterneret</strong></span> <span class='ocrx_word' id='word_1_150' title='bbox 619 1741 823 1793; x_wconf 88' lang='lat' dir='ltr'><strong>aequor</strong></span> <span class='ocrx_word' id='word_1_151' title='bbox 855 1726 1026 1793; x_wconf 87' lang='lat' dir='ltr'><strong>aquis,</strong></span> <span class='ocrx_word' id='word_1_152' title='bbox 1061 1743 1214 1779; x_wconf 88' lang='lat' dir='ltr'><strong>remo</strong></span> <span class='ocrx_word' id='word_1_153' title='bbox 1250 1729 1314 1780; x_wconf 88' lang='lat' dir='ltr'><strong>ut</strong></span> <span class='ocrx_word' id='word_1_154' title='bbox 1349 1725 1621 1780; x_wconf 89' lang='lat' dir='ltr'><strong>luctamen</strong></span> <span class='ocrx_word' id='word_1_155' title='bbox 1657 1725 1889 1782; x_wconf 82' lang='lat' dir='ltr'><strong>abesset.</strong></span> 
     </span>
    </p>

    <p class='ocr_par' dir='ltr' id='par_1_22' title="bbox 290 1801 2008 1869">
     <span class='ocr_line' id='line_1_23' title="bbox 290 1801 2008 1869; baseline 0.001 -15"><span class='ocrx_word' id='word_1_156' title='bbox 290 1801 447 1867; x_wconf 88' lang='lat' dir='ltr'><strong>Ergo</strong></span> <span class='ocrx_word' id='word_1_157' title='bbox 483 1801 591 1854; x_wconf 90' lang='lat' dir='ltr'><strong>iter</strong></span> <span class='ocrx_word' id='word_1_158' title='bbox 625 1803 899 1869; x_wconf 88' lang='lat' dir='ltr'><strong>inceptum</strong></span> <span class='ocrx_word' id='word_1_159' title='bbox 934 1803 1178 1856; x_wconf 84' lang='lat' dir='ltr'><strong>celerant</strong></span> <span class='ocrx_word' id='word_1_160' title='bbox 1214 1819 1431 1856; x_wconf 89' lang='lat' dir='ltr'><strong>rumore</strong></span> <span class='ocrx_word' id='word_1_161' title='bbox 1466 1803 1716 1856; x_wconf 77' lang='lat' dir='ltr'><strong>secundo,</strong></span> <span class='ocrx_word' id='word_1_162' title='bbox 1967 1804 2008 1843; x_wconf 75' lang='lat' dir='ltr'><strong>st</strong></span> 
     </span>
    </p>

    <p class='ocr_par' dir='ltr' id='par_1_23' title="bbox 290 1876 1754 1946">
     <span class='ocr_line' id='line_1_24' title="bbox 290 1876 1754 1946; baseline 0.003 -17"><span class='ocrx_word' id='word_1_163' title='bbox 290 1876 531 1930; x_wconf 84' lang='lat' dir='ltr'><strong>Labitur</strong></span> <span class='ocrx_word' id='word_1_164' title='bbox 565 1881 729 1931; x_wconf 83' lang='lat' dir='ltr'><strong>uncta</strong></span> <span class='ocrx_word' id='word_1_165' title='bbox 763 1877 917 1930; x_wconf 79' lang='lat' dir='ltr'><strong>vadis</strong></span> <span class='ocrx_word' id='word_1_166' title='bbox 952 1877 1132 1943; x_wconf 84' lang='lat' dir='ltr'><strong>abies3</strong></span> <span class='ocrx_word' id='word_1_167' title='bbox 1164 1879 1432 1932; x_wconf 89' lang='lat' dir='ltr'><strong>mirantur</strong></span> <span class='ocrx_word' id='word_1_168' title='bbox 1467 1883 1525 1933; x_wconf 90' lang='lat' dir='ltr'><strong>et</strong></span> <span class='ocrx_word' id='word_1_169' title='bbox 1559 1879 1754 1946; x_wconf 82' lang='lat' dir='ltr'><strong>undae,</strong></span> 
     </span>
    </p>

    <p class='ocr_par' dir='ltr' id='par_1_24' title="bbox 289 1952 1564 2024">
     <span class='ocr_line' id='line_1_25' title="bbox 289 1952 1564 2024; baseline 0.003 -18"><span class='ocrx_word' id='word_1_170' title='bbox 289 1952 537 2006; x_wconf 84' lang='lat' dir='ltr'><strong>Miratur</strong></span> <span class='ocrx_word' id='word_1_171' title='bbox 574 1971 765 2009; x_wconf 85' lang='lat' dir='ltr'><strong>nemus</strong></span> <span class='ocrx_word' id='word_1_172' title='bbox 799 1954 1071 2008; x_wconf 89' lang='lat' dir='ltr'><strong>insuetum</strong></span> <span class='ocrx_word' id='word_1_173' title='bbox 1108 1953 1372 2022; x_wconf 86' lang='lat' dir='ltr'><strong>fulgentia</strong></span> <span class='ocrx_word' id='word_1_174' title='bbox 1406 1956 1564 2024; x_wconf 86' lang='lat' dir='ltr'><strong>longe</strong></span> 
     </span>
    </p>

    <p class='ocr_par' dir='ltr' id='par_1_25' title="bbox 287 2029 1689 2098">
     <span class='ocr_line' id='line_1_26' title="bbox 287 2029 1689 2098; baseline 0.003 -16"><span class='ocrx_word' id='word_1_175' title='bbox 287 2029 465 2082; x_wconf 88' lang='lat' dir='ltr'><strong>Scuta</strong></span> <span class='ocrx_word' id='word_1_176' title='bbox 498 2030 673 2083; x_wconf 85' lang='lat' dir='ltr'><strong>virum</strong></span> <span class='ocrx_word' id='word_1_177' title='bbox 710 2031 873 2084; x_wconf 82' lang='lat' dir='ltr'><strong>fluvio</strong></span> <span class='ocrx_word' id='word_1_178' title='bbox 923 2031 1208 2098; x_wconf 82' lang='lat' dir='ltr'><strong>pictasque</strong></span> <span class='ocrx_word' id='word_1_179' title='bbox 1242 2031 1430 2085; x_wconf 87' lang='lat' dir='ltr'><strong>innare</strong></span> <span class='ocrx_word' id='word_1_180' title='bbox 1464 2034 1689 2086; x_wconf 84' lang='lat' dir='ltr'><strong>carinas.</strong></span> 
     </span>
    </p>

    <p class='ocr_par' dir='ltr' id='par_1_26' title="bbox 286 2104 1602 2174">
     <span class='ocr_line' id='line_1_27' title="bbox 286 2104 1602 2174; baseline 0.002 -16"><span class='ocrx_word' id='word_1_181' title='bbox 286 2104 407 2158; x_wconf 90' lang='lat' dir='ltr'><strong>Olli</strong></span> <span class='ocrx_word' id='word_1_182' title='bbox 442 2107 667 2174; x_wconf 87' lang='lat' dir='ltr'><strong>remigio</strong></span> <span class='ocrx_word' id='word_1_183' title='bbox 702 2110 1027 2173; x_wconf 88' lang='lat' dir='ltr'><strong>noctemque</strong></span> <span class='ocrx_word' id='word_1_184' title='bbox 1063 2106 1320 2174; x_wconf 88' lang='lat' dir='ltr'><strong>diemque</strong></span> <span class='ocrx_word' id='word_1_185' title='bbox 1354 2109 1602 2174; x_wconf 84' lang='lat' dir='ltr'><strong>fatigant,</strong></span> 
     </span>
    </p>

    <p class='ocr_par' dir='ltr' id='par_1_27' title="bbox 288 2180 2005 2250">
     <span class='ocr_line' id='line_1_28' title="bbox 288 2180 2005 2250; baseline 0.002 -15"><span class='ocrx_word' id='word_1_186' title='bbox 288 2182 372 2235; x_wconf 87' lang='lat' dir='ltr'><strong>Et</strong></span> <span class='ocrx_word' id='word_1_187' title='bbox 409 2180 597 2248; x_wconf 89' lang='lat' dir='ltr'><strong>longos</strong></span> <span class='ocrx_word' id='word_1_188' title='bbox 634 2185 894 2250; x_wconf 85' lang='lat' dir='ltr'><strong>superant</strong></span> <span class='ocrx_word' id='word_1_189' title='bbox 928 2182 1118 2250; x_wconf 83' lang='lat' dir='ltr'><strong>flexus,</strong></span> <span class='ocrx_word' id='word_1_190' title='bbox 1155 2184 1426 2250; x_wconf 86' lang='lat' dir='ltr'><strong>variisque</strong></span> <span class='ocrx_word' id='word_1_191' title='bbox 1463 2187 1726 2250; x_wconf 85' lang='lat' dir='ltr'><strong>teguntur</strong></span> <span class='ocrx_word' id='word_1_192' title='bbox 1956 2199 2005 2238; x_wconf 73' lang='lat'><strong>95</strong></span> 
     </span>
    </p>

    <p class='ocr_par' dir='ltr' id='par_1_28' title="bbox 290 2255 1910 2326">
     <span class='ocr_line' id='line_1_29' title="bbox 290 2255 1910 2326; baseline 0.001 -15"><span class='ocrx_word' id='word_1_193' title='bbox 290 2255 623 2326; x_wconf 86' lang='lat' dir='ltr'><strong>Arboribus,</strong></span> <span class='ocrx_word' id='word_1_194' title='bbox 658 2258 955 2326; x_wconf 83' lang='lat' dir='ltr'><strong>viridisque</strong></span> <span class='ocrx_word' id='word_1_195' title='bbox 992 2263 1178 2312; x_wconf 85' lang='lat' dir='ltr'><strong>secant</strong></span> <span class='ocrx_word' id='word_1_196' title='bbox 1213 2259 1425 2326; x_wconf 83' lang='lat' dir='ltr'><strong>placido</strong></span> <span class='ocrx_word' id='word_1_197' title='bbox 1461 2274 1699 2326; x_wconf 82' lang='lat' dir='ltr'><strong>aequore</strong></span> <span class='ocrx_word' id='word_1_198' title='bbox 1735 2258 1910 2314; x_wconf 76' lang='lat' dir='ltr'><strong>silvas.</strong></span> 
     </span>
    </p>

    <p class='ocr_par' dir='ltr' id='par_1_29' title="bbox 286 2331 1728 2402">
     <span class='ocr_line' id='line_1_30' title="bbox 286 2331 1728 2402; baseline 0 -14"><span class='ocrx_word' id='word_1_199' title='bbox 286 2331 390 2388; x_wconf 80' lang='lat' dir='ltr'><strong>Sol</strong></span> <span class='ocrx_word' id='word_1_200' title='bbox 426 2334 666 2386; x_wconf 88' lang='lat' dir='ltr'><strong>medium</strong></span> <span class='ocrx_word' id='word_1_201' title='bbox 702 2334 837 2388; x_wconf 85' lang='lat' dir='ltr'><strong>caeli</strong></span> <span class='ocrx_word' id='word_1_202' title='bbox 871 2334 1263 2388; x_wconf 84' lang='lat' dir='ltr'><strong>conscenderat</strong></span> <span class='ocrx_word' id='word_1_203' title='bbox 1298 2335 1490 2402; x_wconf 86' lang='lat' dir='ltr'><strong>igneus</strong></span> <span class='ocrx_word' id='word_1_204' title='bbox 1525 2333 1728 2400; x_wconf 90' lang='lat' dir='ltr'><strong>orbem,</strong></span> 
     </span>
    </p>

    <p class='ocr_par' dir='ltr' id='par_1_30' title="bbox 286 2409 1788 2478">
     <span class='ocr_line' id='line_1_31' title="bbox 286 2409 1788 2478; baseline 0 -14"><span class='ocrx_word' id='word_1_205' title='bbox 286 2409 439 2464; x_wconf 84' lang='lat' dir='ltr'><strong>Cum</strong></span> <span class='ocrx_word' id='word_1_206' title='bbox 474 2425 657 2464; x_wconf 87' lang='lat' dir='ltr'><strong>muros</strong></span> <span class='ocrx_word' id='word_1_207' title='bbox 693 2426 983 2478; x_wconf 81' lang='lat' dir='ltr'><strong>arcemque</strong></span> <span class='ocrx_word' id='word_1_208' title='bbox 1019 2411 1208 2478; x_wconf 85' lang='lat' dir='ltr'><strong>procul</strong></span> <span class='ocrx_word' id='word_1_209' title='bbox 1243 2428 1306 2464; x_wconf 81' lang='lat' dir='ltr'><strong>ac</strong></span> <span class='ocrx_word' id='word_1_210' title='bbox 1342 2427 1468 2464; x_wconf 86' lang='lat' dir='ltr'><strong>rara</strong></span> <span class='ocrx_word' id='word_1_211' title='bbox 1503 2411 1788 2464; x_wconf 82' lang='lat' dir='ltr'><strong>domorum</strong></span> 
     </span>
    </p>

    <p class='ocr_par' dir='ltr' id='par_1_31' title="bbox 288 2485 1832 2556">
     <span class='ocr_line' id='line_1_32' title="bbox 288 2485 1832 2556; baseline 0.003 -19"><span class='ocrx_word' id='word_1_212' title='bbox 288 2485 467 2538; x_wconf 80' lang='lat' dir='ltr'><strong>Tecta</strong></span> <span class='ocrx_word' id='word_1_213' title='bbox 502 2485 719 2550; x_wconf 82' lang='lat' dir='ltr'><strong>vident3</strong></span> <span class='ocrx_word' id='word_1_214' title='bbox 754 2503 897 2556; x_wconf 91' lang='lat' dir='ltr'><strong>quae</strong></span> <span class='ocrx_word' id='word_1_215' title='bbox 934 2503 1079 2540; x_wconf 89' lang='lat' dir='ltr'><strong>nunc</strong></span> <span class='ocrx_word' id='word_1_216' title='bbox 1118 2487 1364 2540; x_wconf 87' lang='lat' dir='ltr'><strong>Romana</strong></span> <span class='ocrx_word' id='word_1_217' title='bbox 1397 2489 1647 2556; x_wconf 84' lang='lat' dir='ltr'><strong>potentia</strong></span> <span class='ocrx_word' id='word_1_218' title='bbox 1681 2487 1832 2542; x_wconf 83' lang='lat' dir='ltr'><strong>caelo</strong></span> 
     </span>
    </p>

    <p class='ocr_par' dir='ltr' id='par_1_32' title="bbox 292 2562 2008 2632">
     <span class='ocr_line' id='line_1_33' title="bbox 292 2562 2008 2632; baseline 0.001 -16"><span class='ocrx_word' id='word_1_219' title='bbox 292 2562 608 2630; x_wconf 78' lang='lat' dir='ltr'><strong>Aequavit3</strong></span> <span class='ocrx_word' id='word_1_220' title='bbox 643 2567 761 2617; x_wconf 90' lang='lat' dir='ltr'><strong>tum</strong></span> <span class='ocrx_word' id='word_1_221' title='bbox 798 2580 887 2616; x_wconf 90' lang='lat' dir='ltr'><strong>res</strong></span> <span class='ocrx_word' id='word_1_222' title='bbox 923 2563 1112 2632; x_wconf 87' lang='lat' dir='ltr'><strong>inopes</strong></span> <span class='ocrx_word' id='word_1_223' title='bbox 1150 2563 1438 2616; x_wconf 88' lang='lat' dir='ltr'><strong>Euandrus</strong></span> <span class='ocrx_word' id='word_1_224' title='bbox 1472 2563 1725 2616; x_wconf 86' lang='lat' dir='ltr'><strong>habebat.</strong></span> <span class='ocrx_word' id='word_1_225' title='bbox 1935 2575 2008 2617; x_wconf 74' lang='lat'><strong>10⁰</strong></span> 
     </span>
    </p>

    <p class='ocr_par' dir='ltr' id='par_1_33' title="bbox 288 2638 1801 2770">
     <span class='ocr_line' id='line_1_34' title="bbox 288 2638 1801 2708; baseline 0.001 -18"><span class='ocrx_word' id='word_1_226' title='bbox 288 2638 463 2691; x_wconf 85' lang='lat' dir='ltr'><strong>Ocius</strong></span> <span class='ocrx_word' id='word_1_227' title='bbox 498 2639 796 2693; x_wconf 83' lang='lat' dir='ltr'><strong>advertunt</strong></span> <span class='ocrx_word' id='word_1_228' title='bbox 831 2656 1035 2707; x_wconf 85' lang='lat' dir='ltr'><strong>proras,</strong></span> <span class='ocrx_word' id='word_1_229' title='bbox 1069 2639 1304 2708; x_wconf 86' lang='lat' dir='ltr'><strong>urbique</strong></span> <span class='ocrx_word' id='word_1_230' title='bbox 1339 2639 1720 2706; x_wconf 85' lang='lat' dir='ltr'><strong>propinquant.</strong></span> <span class='ocrx_word' id='word_1_231' title='bbox 1796 2672 1801 2678; x_wconf 94' lang='lat'><em>-</em></span> 
     </span>
     <span class='ocr_line' id='line_1_35' title="bbox 370 2713 1790 2770; baseline 0 -3"><span class='ocrx_word' id='word_1_232' title='bbox 370 2715 539 2768; x_wconf 85' lang='lat' dir='ltr'><strong>Forte</strong></span> <span class='ocrx_word' id='word_1_233' title='bbox 574 2715 663 2769; x_wconf 88' lang='lat' dir='ltr'><strong>die</strong></span> <span class='ocrx_word' id='word_1_234' title='bbox 700 2716 1015 2770; x_wconf 87' lang='lat' dir='ltr'><strong>sollemnem</strong></span> <span class='ocrx_word' id='word_1_235' title='bbox 1050 2716 1144 2770; x_wconf 92' lang='lat' dir='ltr'><strong>illo</strong></span> <span class='ocrx_word' id='word_1_236' title='bbox 1181 2732 1281 2769; x_wconf 86' lang='lat' dir='ltr'><strong>rex</strong></span> <span class='ocrx_word' id='word_1_237' title='bbox 1320 2717 1495 2768; x_wconf 83' lang='lat' dir='ltr'><strong>Arcas</strong></span> <span class='ocrx_word' id='word_1_238' title='bbox 1531 2713 1790 2767; x_wconf 89' lang='lat' dir='ltr'><strong>honorem</strong></span> 
     </span>
    </p>

    <p class='ocr_par' dir='ltr' id='par_1_34' title="bbox 290 2789 1592 2860">
     <span class='ocr_line' id='line_1_36' title="bbox 290 2789 1592 2860; baseline -0.002 -14"><span class='ocrx_word' id='word_1_239' title='bbox 290 2790 827 2860; x_wconf 81' lang='lat' dir='ltr'><strong>Amphitryoniadae</strong></span> <span class='ocrx_word' id='word_1_240' title='bbox 862 2808 1057 2860; x_wconf 80' lang='lat' dir='ltr'><strong>magno</strong></span> <span class='ocrx_word' id='word_1_241' title='bbox 1093 2792 1342 2858; x_wconf 87' lang='lat' dir='ltr'><strong>divisque</strong></span> <span class='ocrx_word' id='word_1_242' title='bbox 1379 2789 1592 2844; x_wconf 85' lang='lat' dir='ltr'><strong>ferebat</strong></span> 
     </span>
    </p>

    <p class='ocr_par' dir='ltr' id='par_1_35' title="bbox 293 2865 1690 2932">
     <span class='ocr_line' id='line_1_37' title="bbox 293 2865 1690 2932; baseline -0.001 -12"><span class='ocrx_word' id='word_1_243' title='bbox 293 2870 451 2920; x_wconf 90' lang='lat' dir='ltr'><strong>Ante</strong></span> <span class='ocrx_word' id='word_1_244' title='bbox 487 2868 681 2921; x_wconf 89' lang='lat' dir='ltr'><strong>urbem</strong></span> <span class='ocrx_word' id='word_1_245' title='bbox 715 2869 773 2921; x_wconf 91' lang='lat' dir='ltr'><strong>in</strong></span> <span class='ocrx_word' id='word_1_246' title='bbox 806 2869 942 2922; x_wconf 76' lang='lat' dir='ltr'><strong>luco,</strong></span> <span class='ocrx_word' id='word_1_247' title='bbox 1018 2867 1198 2921; x_wconf 84' lang='lat' dir='ltr'><strong>Pallas</strong></span> <span class='ocrx_word' id='word_1_248' title='bbox 1232 2866 1358 2919; x_wconf 91' lang='lat' dir='ltr'><strong>huic</strong></span> <span class='ocrx_word' id='word_1_249' title='bbox 1393 2865 1534 2919; x_wconf 88' lang='lat' dir='ltr'><strong>filius</strong></span> <span class='ocrx_word' id='word_1_250' title='bbox 1570 2883 1690 2932; x_wconf 86' lang='lat' dir='ltr'><strong>una,</strong></span> 
     </span>
    </p>

    <p class='ocr_par' dir='ltr' id='par_1_36' title="bbox 290 2943 2006 3012">
     <span class='ocr_line' id='line_1_38' title="bbox 290 2943 2006 3012; baseline -0.002 -17"><span class='ocrx_word' id='word_1_251' title='bbox 290 2943 425 2996; x_wconf 89' lang='lat' dir='ltr'><strong>Una</strong></span> <span class='ocrx_word' id='word_1_252' title='bbox 460 2959 647 2997; x_wconf 90' lang='lat' dir='ltr'><strong>omnes</strong></span> <span class='ocrx_word' id='word_1_253' title='bbox 682 2943 935 2996; x_wconf 87' lang='lat' dir='ltr'><strong>iuvenum</strong></span> <span class='ocrx_word' id='word_1_254' title='bbox 970 2943 1134 3012; x_wconf 87' lang='lat' dir='ltr'><strong>primi</strong></span> <span class='ocrx_word' id='word_1_255' title='bbox 1169 2958 1486 3011; x_wconf 87' lang='lat' dir='ltr'><strong>pauperque</strong></span> <span class='ocrx_word' id='word_1_256' title='bbox 1523 2947 1744 2994; x_wconf 86' lang='lat' dir='ltr'><strong>senatus·</strong></span> <span class='ocrx_word' id='word_1_257' title='bbox 1935 2953 2006 2992; x_wconf 84' lang='lat'><strong>105</strong></span> 
     </span>
    </p>

    <p class='ocr_par' dir='ltr' id='par_1_37' title="bbox 292 3015 1820 3086">
     <span class='ocr_line' id='line_1_39' title="bbox 292 3015 1820 3086; baseline -0.003 -14"><span class='ocrx_word' id='word_1_258' title='bbox 292 3019 446 3072; x_wconf 83' lang='lat' dir='ltr'><strong>Tura</strong></span> <span class='ocrx_word' id='word_1_259' title='bbox 481 3018 701 3079; x_wconf 78' lang='lat' dir='ltr'><strong>dabant,</strong></span> <span class='ocrx_word' id='word_1_260' title='bbox 737 3019 1065 3086; x_wconf 88' lang='lat' dir='ltr'><strong>tepidusque</strong></span> <span class='ocrx_word' id='word_1_261' title='bbox 1101 3033 1262 3072; x_wconf 90' lang='lat' dir='ltr'><strong>cruor</strong></span> <span class='ocrx_word' id='word_1_262' title='bbox 1295 3015 1542 3069; x_wconf 85' lang='lat' dir='ltr'><strong>fumabat</strong></span> <span class='ocrx_word' id='word_1_263' title='bbox 1575 3015 1650 3068; x_wconf 87' lang='lat' dir='ltr'><strong>ad</strong></span> <span class='ocrx_word' id='word_1_264' title='bbox 1683 3029 1820 3068; x_wconf 84' lang='lat' dir='ltr'><strong>aras.</strong></span> 
     </span>
    </p>

    <p class='ocr_par' dir='ltr' id='par_1_38' title="bbox 290 3092 1656 3160">
     <span class='ocr_line' id='line_1_40' title="bbox 290 3092 1656 3160; baseline -0.004 -12"><span class='ocrx_word' id='word_1_265' title='bbox 290 3093 381 3148; x_wconf 90' lang='lat' dir='ltr'><strong>Ut</strong></span> <span class='ocrx_word' id='word_1_266' title='bbox 418 3095 589 3148; x_wconf 86' lang='lat' dir='ltr'><strong>celsas</strong></span> <span class='ocrx_word' id='word_1_267' title='bbox 623 3094 813 3148; x_wconf 82' lang='lat' dir='ltr'><strong>videre</strong></span> <span class='ocrx_word' id='word_1_268' title='bbox 850 3097 1010 3158; x_wconf 62' lang='lat' dir='ltr'><strong>lutee,</strong></span> <span class='ocrx_word' id='word_1_269' title='bbox 1048 3097 1213 3160; x_wconf 87' lang='lat' dir='ltr'><strong>atque</strong></span> <span class='ocrx_word' id='word_1_270' title='bbox 1248 3092 1394 3145; x_wconf 89' lang='lat' dir='ltr'><strong>inter</strong></span> <span class='ocrx_word' id='word_1_271' title='bbox 1429 3107 1656 3159; x_wconf 84' lang='lat' dir='ltr'><strong>opacum</strong></span> 
     </span>
    </p>

    <p class='ocr_par' dir='ltr' id='par_1_39' title="bbox 290 3165 1630 3232">
     <span class='ocr_line' id='line_1_41' title="bbox 290 3165 1630 3232; baseline -0.004 -10"><span class='ocrx_word' id='word_1_272' title='bbox 290 3168 510 3222; x_wconf 81' lang='lat' dir='ltr'><strong>Adlabi</strong></span> <span class='ocrx_word' id='word_1_273' title='bbox 544 3185 753 3232; x_wconf 83' lang='lat' dir='ltr'><strong>nemus,</strong></span> <span class='ocrx_word' id='word_1_274' title='bbox 788 3171 847 3222; x_wconf 88' lang='lat' dir='ltr'><strong>et</strong></span> <span class='ocrx_word' id='word_1_275' title='bbox 882 3169 1063 3220; x_wconf 86' lang='lat' dir='ltr'><strong>tacitis</strong></span> <span class='ocrx_word' id='word_1_276' title='bbox 1100 3165 1411 3218; x_wconf 85' lang='lat' dir='ltr'><strong>incumbere</strong></span> <span class='ocrx_word' id='word_1_277' title='bbox 1447 3167 1630 3219; x_wconf 82' lang='lat' dir='ltr'><strong>remiS.</strong></span> 
     </span>
    </p>
   </div>
  </div>
 </body>
</html>
