2163 3401
199 114 295 161 310
673 110 732 158 P.
758 109 1064 158 VERGILI
1097 108 1432 158 MARONIS

199 190 374 255 Quem
410 188 576 257 primi
610 189 850 255 colimus,
888 188 973 241 eui
1010 188 1206 257 pineus
1243 188 1409 242 ardor
1441 204 1635 242 acervo

200 265 465 331 Pascitur,
503 268 563 318 et
597 264 840 317 medium
875 264 1006 319 freti
1044 264 1254 333 pietate
1291 281 1392 333 per
1425 264 1606 332 ignem

200 341 449 396 Cultores
485 341 659 395 multa
694 341 994 409 premimus
1032 342 1266 409 vestigia
1301 358 1492 410 pruna,

199 416 299 484 Da,
340 418 520 484 Pater,
558 417 661 471 hoc
694 417 895 471 nostris
934 416 1139 471 aboleri
1179 417 1418 471 dedecus
1453 416 1632 483 armis,

200 494 577 563 Omnipotens.
625 494 677 546 N
680 510 750 546 on
786 494 1009 547 exuvias
1045 493 1304 563 pulsaeve
1339 496 1623 561 tropaeum
1835 507 1909 548 ⁷90

206 570 457 639 Virginis,
496 573 593 623 aut
629 570 800 639 spolia
834 570 945 623 ulla
976 574 1146 640 ·peto;
1182 570 1316 623 mihi
1351 574 1537 624 cetera
1572 568 1794 623 laudem

206 646 371 701 Facta
405 647 583 701 ferent
607 668 619 712 ;
654 646 795 700 haee·
824 646 947 699 dira
980 663 1103 699 meo
1138 646 1271 699 dum
1307 646 1526 699 volnere
1559 645 1732 713 pestis

206 722 367 775 Pulsa
400 722 576 789 cadat,
612 723 816 791 patrias
852 722 1108 775 remeabo
1143 721 1405 789 inglorius
1439 720 1615 776 urbes.

202 798 401 852 Audiit
436 802 493 852 et
530 798 642 851 voti
683 797 936 851 Phoebus
973 797 1268 851 succedere
1305 801 1518 866 partem

201 873 392 929 Mente
428 874 601 938 dedit,
632 876 849 943 partem
888 874 1121 927 volueris
1160 873 1424 942 dispersit
1460 872 1519 925 in
1555 888 1747 925 auras:
1837 887 1906 926 ωε

202 949 485 1004 Sterneret
520 953 584 1003 ut
619 948 801 1003 subita
835 949 1114 1003 turbatam
1149 953 1329 1003 morte
1365 948 1662 1015 Camillam,

202 1025 417 1079 Adnuit
452 1025 659 1090 oranti;
695 1025 952 1079 reducem
984 1029 1050 1079 ut
1085 1025 1265 1093 patria
1301 1024 1414 1078 alta
1449 1023 1683 1092 videret,

202 1100 252 1153 N
256 1118 325 1154 on
362 1102 533 1169 dedit,
570 1102 735 1170 inque
770 1104 927 1154 notos
962 1118 1150 1155 vocem
1185 1104 1404 1155 vertere
1437 1101 1719 1170 procellae.

204 1178 363 1246 Erg0,
398 1183 464 1232 ut
497 1178 663 1231 missa
698 1194 861 1230 manu
896 1178 1133 1231 sonitum
1172 1176 1328 1231 dedit
1363 1178 1524 1231 hasta
1559 1194 1660 1247 per
1693 1192 1870 1237 auras,

202 1254 537 1308 Convertere
572 1256 779 1306 animos
813 1254 955 1307 aeris
989 1254 1282 1321 oculosque
1319 1253 1498 1307 tulere
1832 1267 1906 1305 stro

204 1330 400 1385 Cuncti
435 1330 507 1383 ad
542 1330 785 1397 reginam
825 1329 1023 1382 Volsci.
1095 1328 1249 1381 Nihil
1287 1329 1406 1397 ipsa
1440 1346 1544 1383 nee
1581 1345 1747 1382 aurae

202 1406 253 1459 N
257 1424 319 1461 ee
354 1408 563 1461 sonitus
598 1421 807 1459 memor
840 1410 938 1459 aut
972 1406 1240 1460 venientis
1277 1404 1349 1458 ab
1383 1405 1610 1459 aethere
1645 1404 1760 1472 teli,

204 1482 383 1537 Hasta
417 1483 518 1536 sub
555 1487 828 1535 exsertam
864 1482 1037 1535 donee
1068 1482 1284 1550 perlata
1319 1480 1575 1551 papillam

203 1558 415 1626 Haesit,
452 1559 863 1626 virgineumque
898 1558 1009 1611 alte
1045 1556 1189 1612 bibit
1223 1560 1346 1611 acta
1381 1572 1647 1610 cruorem.

204 1634 545 1688 Concurrunt
570 1634 819 1703 trepidae
841 1634 1086 1702 comites,
1114 1633 1499 1702 dominamque
1521 1636 1776 1686 ruentem
1832 1646 1906 1685 805

202 1710 531 1780 Suscipiunt.
604 1711 772 1779 Fugit
806 1715 933 1764 ante
970 1712 1146 1764 omnis
1181 1711 1482 1764 exterritus
1524 1711 1759 1776 Arruns,

203 1787 443 1841 Laetitia
477 1788 759 1855 mixtoque
793 1792 960 1853 metu,
996 1803 1097 1840 nee
1131 1787 1238 1840 iam
1275 1786 1508 1854 amplius
1544 1786 1734 1840 hastae

203 1862 457 1925 Credere,
496 1879 595 1916 nec
630 1863 757 1916 telis
794 1879 1078 1916 occurrere
1114 1862 1340 1930 virginis
1377 1862 1562 1916 audet.

203 1939 288 1990 Ae
325 1937 473 1992 velut
510 1938 618 2005 ille,
655 1940 807 2007 prius
844 1956 1007 2008 quam
1046 1939 1158 1992 tela
1193 1937 1414 1991 inimica
1449 1941 1760 2006 sequantur,

202 2012 471 2067 Continuo
506 2013 563 2066 in
598 2015 797 2068 montis
835 2031 954 2069 sese
990 2015 1144 2068 avius
1181 2013 1399 2067 abdidit
1435 2013 1574 2067 altos
1829 2025 1903 2064 810

202 2088 391 2142 Occiso
427 2095 647 2158 pastore
683 2090 843 2159 lupus
877 2107 1144 2158 magnove
1180 2090 1420 2155 iuvencO,

202 2164 461 2219 Conscius
494 2165 717 2219 audacis
752 2166 897 2233 facti,
934 2165 1274 2234 caudamque
1311 2164 1615 2218 remulcens

202 2240 443 2294 Subiecit
458 2239 463 2246 ’
478 2242 811 2310 pavitantem
849 2247 1023 2306 utero,
1061 2242 1332 2310 silvasque
1368 2239 1594 2309 petivit:

205 2316 369 2369 Haud
406 2333 561 2370 secus
596 2334 666 2370 ex
703 2318 869 2371 oeulis
907 2334 965 2370 se
1002 2316 1258 2372 turbidus
1295 2316 1526 2371 abstulit
1563 2318 1797 2384 Arruns,

202 2393 615 2461 Contentusque
650 2395 780 2462 fuga
815 2393 1011 2447 mediis
1047 2410 1107 2446 se
1143 2393 1418 2446 inmiscuit
1453 2392 1640 2446 armis,
1833 2407 1902 2446 81⁵

202 2468 307 2521 Illa
343 2485 506 2522 manu
542 2471 779 2524 moriens
814 2469 985 2523 telum
1022 2469 1224 2535 trahit3
1259 2485 1382 2522 ossa
1418 2469 1517 2522 sed
1552 2468 1701 2524 inter

200 2544 436 2598 Ferreus
473 2545 545 2598 ad
581 2551 759 2600 costas
794 2545 906 2600 alto
944 2549 1057 2599 seat
1092 2545 1314 2598 volnere
1351 2560 1551 2598 mucro.

199 2619 432 2674 Labitur
467 2622 791 2690 exsanguis3
826 2620 1088 2675 labuntur
1123 2621 1325 2688 frigida
1360 2619 1474 2674 leto

198 2694 461 2760 Lumina3
496 2712 802 2764 purpureus
838 2696 1111 2766 quondam
1149 2697 1297 2765 color
1331 2712 1428 2748 ora
1463 2695 1701 2763 reliquit.

199 2767 335 2819 Tum
372 2769 448 2821 sie
484 2772 766 2838 exspirans
805 2777 1024 2838 Accam,
1061 2789 1132 2825 ex
1167 2770 1490 2839 aequalibus
1525 2787 1706 2840 unam,
1831 2785 1897 2822 οπο

200 2839 569 2923 Adloquitur3
610 2846 723 2900 fida
756 2851 885 2901 ante
921 2847 1055 2900 alias
1093 2864 1234 2916 quae
1271 2847 1386 2900 sola
1424 2847 1700 2915 Camillae,

199 2909 430 2971 chum
464 2920 659 2980 partiri
694 2939 881 2985 curas;
918 2925 1087 2990 atque
1124 2923 1258 2976 haee
1294 2923 1375 2976 ita
1411 2923 1595 2978 fatur:

201 2981 498 3066 Hactenus,
538 2992 683 3047 Acca
718 3013 885 3061 soror,
922 2998 1075 3063 potui
1102 3018 1114 3062 ;
1149 3013 1293 3050 nune
1328 2997 1520 3050 volnus
1555 2998 1815 3053 acerbum

254 3054 443 3137 “Pfifflf‘,
481 3062 539 3110 et
572 3066 813 3121 tenebris
848 3069 1166 3136 nigrescunt
1201 3073 1382 3124 onmia
1418 3073 1638 3128 circum.

291 3140 394 3185 ugo
428 3129 489 3180 et
522 3130 653 3188 haee
690 3141 872 3195 Turno
906 3145 1166 3200 mandata
1198 3145 1494 3201 novissima
1527 3151 1744 3218 perfer:
1828 3165 1894 3204 sss
