2163 3401
152 84 242 131 336
348 122 355 127 .
615 85 671 131 Ρ.
711 82 1019 133 VERGILI
1054 80 1389 139 MARONIS

156 162 537 233 Arrectaeque
572 164 799 218 horrore
835 180 1038 231 comae,
1076 167 1135 217 et
1169 179 1276 217 vox
1309 160 1558 219 faucibus
1589 160 1784 217 haesit.

154 240 251 304 At,
287 240 476 308 procul
512 244 577 295 ut
614 240 780 297 Dirae
817 239 1114 293 stridorem
1147 237 1412 307 adgnovit
1448 241 1506 291 et
1541 237 1669 307 alas,

155 313 354 369 Infelix
389 316 553 371 crinis
590 316 792 371 scindit
828 316 1065 369 Iuturna
1101 315 1323 381 solut08‚
1785 328 1869 369 870

154 390 441 460 Unguibus
476 409 573 447 ora
609 409 764 447 soror
796 392 1025 447 foedans
1060 395 1120 445 et
1153 394 1382 461 pectora
1414 390 1638 459 pugnis:

155 466 301 531 Quid
336 486 477 523 nnnc
512 473 573 524 te
605 473 719 535 tua,
757 469 952 537 Turne,
987 472 1175 538 potest
1207 482 1468 537 germana
1502 467 1731 522 iuvare?

158 546 273 599 Aut
308 546 445 614 quid
478 546 588 599 iam
624 546 797 601 durae
832 548 1059 614 superat
1094 543 1264 609 mihil
1315 560 1426 613 qua
1461 542 1566 598 tibi
1599 543 1779 597 lucem

156 621 296 675 Arte
330 623 550 676 morer?
625 622 774 676 talin'
812 638 1032 691 possum
1068 637 1160 674 me
1191 636 1469 690 opponere
1503 621 1787 674 monstro?

155 697 273 750 Iam
310 698 418 751 iam
455 698 641 767 linquo
677 699 836 753 acies,
909 698 996 751 Ne
1031 713 1122 751 me
1157 700 1367 751 terrete
1403 697 1707 763 timentem,
1781 711 1870 753 875

153 771 433 827 Obscenae
470 774 747 840 volucres3
794 774 1003 829 alarum
1041 773 1274 827 verbera
1305 789 1469 826 nosco

154 847 509 918 Letalemque
547 867 766 916 sonum3
813 867 913 905 nee
946 849 1142 903 fallant
1176 850 1324 903 iussa
1357 848 1594 917 superba

152 923 487 993 Magnanimi
527 927 689 981 Iovis.
761 928 916 981 Haec
951 943 1052 995 pro
1089 926 1404 994 virginitate
1441 925 1688 994 reponit?

153 998 272 1063 Quo
309 1002 477 1057 vitam
514 1003 671 1057 dedit
705 1004 1019 1057 aeternam?
1068 1018 1167 1055 cur
1201 1001 1395 1055 mortis
1433 1000 1694 1069 adempta
1727 1003 1821 1055 est

153 1076 447 1133 Condicio?
493 1096 712 1148 possem
746 1083 931 1134 tantos
967 1078 1128 1133 finire
1163 1077 1378 1132 dolores
1771 1093 1862 1133 880

152 1152 204 1205 N
209 1170 315 1206 unc
349 1158 515 1221 certe,
553 1160 612 1210 et
646 1156 847 1209 misero
880 1155 1040 1209 fratri
1074 1170 1256 1209 comes
1290 1154 1373 1207 ire
1406 1170 1509 1222 per
1542 1154 1774 1207 umbras.

156 1228 467 1285 Inmortalis
502 1233 637 1299 ego‘l
684 1234 781 1285 aut
818 1231 1112 1300 quicquam
1148 1230 1281 1283 mihi
1315 1229 1477 1283 dulce
1510 1246 1752 1284 meorum

154 1304 230 1358 Te
264 1307 395 1374 sine,
427 1306 615 1373 frater,
652 1307 791 1362 erit?
861 1306 909 1361 O
948 1323 1090 1375 quae
1125 1307 1260 1361 satis
1293 1306 1406 1360 alta
1441 1306 1687 1360 dehiscat

154 1380 320 1435 Terra
354 1379 503 1450 mihi,
544 1384 831 1454 Manisque
866 1384 1027 1438 deam
1064 1382 1323 1437 demittat
1357 1382 1432 1437 ad
1465 1382 1626 1437 imos!

154 1456 386 1511 Tantum
421 1460 599 1529 effata,
635 1465 800 1530 caput
832 1459 1024 1529 glauco
1058 1459 1302 1513 contexit
1337 1458 1554 1526 amictu,
1773 1474 1860 1515 886

152 1530 331 1586 Multa
362 1551 601 1604 gemens,
638 1539 697 1590 et
732 1554 791 1590 se
824 1536 990 1590 fluvio
1024 1534 1132 1588 dea
1166 1534 1414 1589 condidit
1446 1534 1573 1589 alto,

223 1610 443 1663 Aeneas
477 1611 649 1665 instat
684 1615 874 1665 contra
902 1611 1190 1679 *telumque
1227 1614 1486 1679 coruscat,

154 1682 370 1753 IngenS,
406 1686 711 1754 arboreum,
748 1691 805 1742 et
840 1705 1002 1742 saevo
1038 1688 1117 1742 sic
1150 1689 1375 1757 pectore
1407 1686 1580 1742 fatur:

153 1759 305 1824 Quae
353 1779 495 1816 nunc
544 1763 745 1818 deinde
784 1781 939 1818 mora
982 1765 1102 1818 est?
1159 1766 1258 1817 aut
1300 1763 1433 1832 quid
1475 1763 1600 1829 iam,
1642 1768 1853 1834 Turne,

289 1841 585 1894 retractas?

152 1912 204 1965 N
208 1930 277 1967 on
311 1931 486 1982 cursu,
524 1916 699 1969 saevis
734 1916 1058 1970 certandum
1093 1919 1180 1971 est
1215 1915 1515 1992 comminus
1545 1918 1719 1970 armis.
1765 1932 1853 1974 890

150 1987 327 2043 Verte
362 1991 535 2042 omnis
569 1993 685 2044 tete
719 1991 775 2043 in
809 1991 991 2060 facies,
1026 1995 1086 2046 et
1121 1991 1395 2059 contrahe,
1433 1990 1699 2061 quidquid

152 2064 277 2119 Sive
312 2065 505 2119 animis
540 2065 655 2120 sive
690 2071 812 2122 arte
846 2068 1027 2134 vales3
1073 2072 1203 2136 opta
1235 2069 1412 2122 ardua
1443 2069 1633 2136 pennis

152 2144 324 2196 Astra
358 2142 529 2212 sequi,
565 2143 915 2212 clausumque
948 2161 1079 2198 cava
1114 2148 1174 2198 te
1209 2145 1445 2200 condere
1477 2149 1640 2199 terra.

153 2219 257 2273 Ille
291 2222 458 2289 eaput
494 2236 777 2288 quassans:
826 2221 876 2273 N
881 2236 952 2273 on
986 2236 1077 2274 me
1110 2221 1209 2273 tua
1239 2220 1450 2275 fervida
1482 2223 1694 2282 terrent

153 2295 327 2364 Dicta,
363 2295 544 2350 ferox:
594 2295 651 2349 di
686 2312 776 2349 me
807 2298 1023 2350 terrent
1056 2299 1117 2349 et
1154 2294 1407 2364 Iuppiter
1439 2295 1628 2350 hostis.
1765 2315 1856 2356 895

151 2371 203 2424 N
208 2389 269 2425 ec
303 2371 463 2442 plura
496 2371 705 2438 effatus,
744 2387 935 2426 saxum
970 2371 1335 2440 circumspicit
1369 2371 1572 2438 ingens,

153 2448 354 2501 Saxum
390 2447 689 2515 antiquum,
724 2447 935 2514 ingens,
952 2463 1142 2515 campo
1178 2446 1329 2516 quod
1362 2446 1506 2502 forte
1539 2447 1770 2514 iacebat,

152 2525 331 2578 Limes
366 2541 498 2592 agro
532 2523 753 2592 positus,
789 2523 942 2578 litem
978 2526 1042 2576 ut
1076 2523 1415 2577 discerneret
1447 2525 1622 2590 arvis;

152 2599 260 2652 Vix
296 2601 432 2653 illud
467 2599 596 2654 lecti
628 2600 713 2653 bis
748 2616 845 2653 sex
879 2599 1089 2654 cervice
1123 2598 1398 2667 subirent,

152 2677 345 2738 Qualia
378 2692 521 2728 nunc
545 2676 822 2729 hominum
856 2675 1112 2744 producit
1147 2692 1374 2744 corpora
1407 2675 1601 2742 tellus3
1770 2693 1860 2733 noo

152 2749 254 2801 Ille
288 2767 453 2802 manu
488 2755 701 2818 raptam
734 2752 953 2821 trepida
985 2752 1281 2820 torquebat
1315 2753 1372 2806 in
1406 2751 1635 2822 hostem,

150 2823 333 2873 Altior
367 2824 650 2891 insurgens
684 2832 743 2880 et
776 2845 938 2881 eursu
974 2827 1215 2882 concitus
1248 2829 1429 2884 heros·

150 2893 261 2945 Sed
294 2911 472 2960 neque
506 2906 814 2954 currentem
850 2920 911 2956 se
944 2898 1043 2956 nec
1068 2905 1344 2972 cognoscit
1379 2907 1620 2972 euntem,

150 2964 517 3022 Tollentemve
541 2989 703 3028 manu
738 2995 1037 3046 saxumque
1070 2980 1289 3034 inmane
1324 2984 1663 3048 moventem

151 3037 343 3120 GJenua
374 3041 575 3127 lqbant,
610 3050 825 3113 gelidus
860 3055 1134 3108 concrevit
1165 3057 1372 3124 frigore
1407 3058 1644 3125 sanguis.
1775 3077 1868 3118 οοι

200 3124 287 3158 Ἢ
320 3110 459 3173 ¹³P¹⁸
491 3131 607 3181 ¹980
641 3124 757 3188 Viri,
791 3142 1020 3184 vacuum
1052 3145 1156 3198 per
1187 3132 1350 3188 inane
1384 3134 1618 3205 volutus,
