2163 3401
834 84 1201 133 AENEIDOS
1246 83 1384 132 LIB.
1435 84 1532 131 IV.
1934 88 2021 133 151

313 169 536 223 Invidia
567 169 689 221 esti
763 166 838 218 Et,
872 182 970 218 nos
1005 166 1089 217 fas
1124 169 1316 219 extera
1352 180 1619 228 quaerere
1652 181 1843 233 regna.
1864 172 1903 227 ο
1953 179 2025 221 3⁵⁰

309 246 408 299 Me
441 244 616 312 pati-is
655 240 942 307 Anchisae,
980 242 1233 309 quotiens
1268 240 1624 296 humentibus
1657 240 1867 295 umbris

310 321 440 375 Nox
477 318 659 388 operit
693 322 886 383 terram,
927 318 1185 391 quotiens
1221 321 1373 371 astra
1408 317 1571 385 ignea.
1606 320 1852 385 surgunt,

312 396 598 451 Admonet
632 396 689 447 in
726 394 930 447 somnis
966 397 1024 448 et
1061 392 1288 447 turbida
1325 397 1503 447 terret
1538 393 1749 460 imago;

311 473 408 527 Me
439 489 580 542 puer
617 470 884 523 Ascanius
917 470 1221 538 capitisque
1254 470 1453 523 iniuria
1485 469 1611 536 cari,

311 550 491 613 Quem
525 562 694 615 regno
735 546 1038 615 Hesperiae
1071 546 1269 599 fraudo
1304 549 1363 600 et
1397 545 1657 600 fatalibus
1691 547 1851 601 arvis.
1954 563 2029 603 ³55

311 626 474 679 Nunc
509 624 676 677 etiam
711 624 984 692 interpres
1019 621 1217 690 divom,
1258 622 1389 675 Iove
1426 623 1623 676 missus
1658 623 1731 677 ab
1764 624 1955 693 ipso-—

309 702 510 755 Testor
545 704 843 769 utrumque
879 700 1311 768 caput—celeris
1346 700 1609 754 mandata
1643 716 1745 768 per
1778 718 1941 755 auras

311 778 561 842 Detulit;
597 777 716 845 ipse
751 776 916 830 deum
939 777 1243 830 manifesto
1280 777 1333 828 in
1372 776 1576 829 lumine
1611 777 1725 830 vidi

312 855 626 909 Intrantem
660 870 862 917 muros,
896 869 1195 922 vocemque
1229 853 1316 905 his
1352 852 1575 906 auribus
1612 853 1782 907 hausi.

313 924 517 985 Desine
552 946 750 999 meque
784 930 894 983 tuis
930 930 1225 983 incendere
1260 932 1429 996 teque
1463 928 1730 997 querelis;
1954 944 2028 983 aso

312 1007 537 1060 Italiam
573 1023 678 1059 non
715 1010 910 1075 sponte
945 1022 1155 1075 sequor.
1186 1026 1191 1031 ·
1238 1030 1243 1038 ·

382 1084 533 1138 Talia
569 1083 841 1138 dicentem
877 1082 1203 1135 iamdudum
1238 1099 1431 1139 aversa
1464 1085 1665 1152 tuetur,

312 1160 444 1214 Huc
476 1159 608 1212 illuc
645 1158 862 1211 volvens
899 1158 1099 1222 oculos,
1136 1161 1425 1229 totumque
1461 1162 1714 1228 pererrat

309 1235 634 1289 Luminibus
673 1235 870 1302 tacitis,
911 1238 970 1288 et
1005 1234 1083 1288 sic
1118 1250 1345 1289 accensa
1380 1236 1659 1305 profatur:

309 1314 431 1367 Nec
455 1312 556 1366 tibi
582 1312 709 1365 diva
731 1327 945 1379 parens,
967 1310 1186 1380 generis
1210 1328 1309 1365 nec
1334 1312 1625 1366 Dardanus
1648 1315 1855 1383 auctor,
1954 1326 2029 1367 ωδ

316 1388 566 1453 Perfide3
608 1387 708 1441 sed
743 1388 898 1441 duris
932 1388 1127 1455 genuit
1162 1390 1220 1441 te
1258 1388 1511 1441 cautibus
1546 1388 1775 1442 horrens

310 1466 600 1533 Caucasus,
640 1465 1036 1533 Hyrcanaeque
1073 1465 1371 1518 admorunt
1406 1464 1579 1518 ubera.
1612 1465 1803 1531 tigres.

310 1539 457 1595 Nam
481 1542 619 1611 quid
643 1540 954 1595 dissimulo?
983 1545 1083 1595 aut
1105 1558 1246 1609 quae
1270 1557 1359 1595 me
1382 1542 1456 1594 ad
1477 1541 1682 1594 maiora
1705 1543 1958 1596 reservo?

310 1617 460 1671 Num
498 1618 634 1671 fletu
667 1617 934 1685 ingemuit
969 1620 1193 1672 nostro?
1235 1634 1367 1671 num
1407 1616 1615 1670 lumina
1649 1616 1836 1671 flexiti

309 1694 462 1748 Num
480 1694 730 1748 lacrimas
747 1694 924 1748 victus
943 1693 1117 1761 dedit,
1137 1697 1235 1749 aut
1252 1696 1546 1749 miseratus
1564 1698 1839 1750 amantem
1863 1695 1982 1748 esti

312 1771 466 1834 Quae
491 1771 690 1840 quibus
712 1771 1049 1825 anteferam?
1086 1771 1207 1824 Iam
1228 1771 1335 1824 iam
1360 1789 1461 1825 nec
1484 1773 1739 1825 maxuma
1762 1770 1917 1840 Iuno,
1956 1783 2029 1826 371

311 1848 430 1901 Nec
467 1848 758 1901 Saturnius
794 1847 928 1900 haec
965 1847 1135 1900 oculis
1171 1850 1331 1916 pater
1365 1847 1559 1916 aspicit
1593 1847 1795 1916 aequis.

209 1931 216 1939 ‘
311 1923 598 1994 Nusquam
634 1926 760 1977 tuta
793 1923 946 1978 fides.
1021 1922 1276 1977 Eiectum
1312 1924 1491 1991 litore,
1530 1929 1787 1993 egentem

314 1997 518 2069 Excepi
555 2003 614 2054 et
647 2000 802 2068 regni
841 1999 1067 2054 demens
1103 1999 1161 2054 in
1196 2004 1354 2068 parte
1391 2001 1591 2068 locavi3

312 2077 592 2132 Amissam
629 2077 872 2146 classem,
909 2078 1080 2131 socios
1117 2094 1151 2131 a
1186 2081 1365 2132 morte
1400 2079 1609 2132 reduxi.
1956 2091 2030 2134 87⁶

313 2155 446 2208 Heu
481 2154 638 2207 furiis
672 2154 891 2207 incensa
925 2154 1100 2208 feror!
1177 2153 1337 2208 Nunc
1371 2171 1546 2222 augur
1582 2155 1798 2224 Apelle,

313 2232 474 2285 Nunc
512 2231 706 2299 Lyciae
743 2235 934 2298 sortes„
969 2247 1115 2284 nunc
1152 2233 1212 2284 et
1249 2231 1381 2284 Iove
1416 2230 1616 2284 missus
1651 2230 1723 2283 ab
1757 2231 1879 2300 ipso

313 2309 605 2376 Interpres
639 2307 821 2360 divom
858 2307 968 2360 fert
1005 2306 1231 2360 horrida
1268 2306 1415 2360 iussa
1449 2323 1550 2374 per
1586 2322 1759 2360 auras

314 2385 535 2439 Scilicet
567 2385 616 2437 is
651 2384 877 2453 Superis
911 2383 1068 2437 labor
1104 2388 1204 2452 est,
1244 2401 1310 2438 ea
1344 2400 1477 2437 cura
1512 2383 1729 2452 quietos

312 2461 597 2516 Sollicitat.
669 2461 866 2529 Neque
901 2463 958 2514 te
994 2465 1173 2529 tene0,
1210 2477 1387 2530 neque
1422 2460 1571 2514 dicta
1604 2459 1824 2524 refe1103
1960 2472 2034 2511 eso

314 2538 360 2605 I,
397 2554 632 2606 sequere
670 2536 892 2590 Italiam
929 2539 1122 2605 ventis,
1160 2541 1289 2607 pete
1324 2554 1495 2605 regna
1530 2553 1629 2605 per
1664 2535 1855 2590 undas.

313 2615 487 2684 Spero
525 2613 782 2684 equidem
817 2614 1029 2682 mediis,
1066 2616 1112 2668 si
1148 2613 1283 2684 quid
1317 2614 1409 2681 pia
1442 2613 1664 2666 numina
1699 2613 1940 2680 possunt,

313 2691 592 2760 Supplicia
625 2691 923 2744 hausurum
960 2691 1212 2760 scopulis,
1249 2693 1307 2744 et
1342 2688 1559 2743 nomine
1595 2687 1740 2741 Dido

313 2767 491 2836 Saepe
527 2771 861 2820 vocaturum.
935 2767 1145 2835 Sequar
1180 2767 1317 2820 atris
1353 2765 1573 2834 ignibus
1610 2764 1818 2829 absens,

314 2842 404 2912 Et,
443 2861 567 2898 cum
601 2843 804 2911 frigida
837 2859 983 2898 mors
1018 2845 1198 2897 anima
1233 2842 1519 2897 seduxerit
1554 2844 1721 2906 artus,
1960 2852 2037 2893 385

315 2921 585 2974 Omnibus
619 2919 817 2973 umbra
849 2919 982 2974 locis
1014 2919 1197 2974 adem.
1265 2919 1453 2987 Dabis,
1488 2917 1729 2987 inprobe,
1763 2931 1981 2983 poenas.

315 2997 577 3064 Audiam,
613 2999 672 3050 et
707 2996 842 3049 haec
878 2996 1058 3048 Manis
1094 2997 1278 3049 veniet
1312 2994 1446 3047 mihi
1481 2995 1627 3047 fama
1665 2991 1767 3044 sub
1801 2991 1955 3042 imos.

315 3075 424 3128 His
457 3072 704 3128 medium
739 3071 904 3125 dictis
941 3086 1245 3124 sermonem
1280 3068 1577 3136 abrumpit,
1616 3071 1674 3120 et
1709 3079 1873 3118 auras

316 3154 509 3219 Aegra
539 3148 700 3215 fugit,
735 3162 905 3215 seque
940 3163 1012 3200 ex
1044 3144 1214 3198 oculis
1248 3143 1452 3196 avertit
1485 3146 1544 3196 et
1579 3141 1775 3197 aufert,
