2163 3401
670 467 727 516 P.
766 466 1075 515 VERGILI
1109 464 1442 515 MARONIS

594 634 1530 711 AENEIDOS

618 888 623 893 .
665 832 898 887 LIBER.
935 832 1456 887 DUODECIMUS.

959 990 1160 1017 0—4—

215 1106 447 1159 'Pumws
479 1109 546 1174 ⁸ut
580 1107 839 1159 infractos
874 1107 1105 1160 adverso
1141 1108 1324 1160 Marte
1361 1105 1583 1159 Latinos

216 1180 492 1235 Defecisse
526 1182 693 1248 videt,
730 1198 827 1235 sua
862 1199 1005 1236 nunc
1038 1183 1306 1250 promissa
1342 1182 1572 1249 reposci,'

216 1257 287 1310 Se
322 1257 525 1324 signari
561 1257 744 1323 oculis,
780 1257 928 1311 ultro
963 1256 1300 1327 inplacabilis
1336 1257 1512 1324 ardet,

217 1332 551 1401 Attollitque
586 1334 808 1387 animos.
884 1334 1190 1387 Poenorum
1226 1333 1403 1402 qualis
1437 1334 1494 1385 in
1528 1334 1674 1386 arvis

216 1408 440 1463 Saucius
474 1409 567 1463 ille
602 1410 753 1477 gravi
789 1413 1086 1463 venantum
1125 1409 1342 1462 volnere
1377 1412 1568 1477 pectus
1879 1417 1904 1457 ε

216 1484 355 1538 Tum
390 1485 611 1539 demum
646 1490 830 1539 movet
864 1501 1018 1538 arma
1050 1485 1154 1552 le0‚
1189 1484 1504 1553 gaudetque
1539 1481 1796 1537 comantis

216 1560 514 1614 Excutiens
550 1562 759 1615 cervice
794 1565 957 1629 toros,
996 1562 1276 1629 fixumque
1312 1560 1541 1613 latronis

217 1636 515 1706 Inpavidus
549 1636 753 1707 frangit
788 1637 975 1705 telum,
1013 1640 1071 1690 et
1106 1637 1293 1690 fremit
1328 1653 1423 1689 ore
1456 1638 1708 1689 cruento:

218 1713 384 1766 Haud
420 1731 573 1767 secus
609 1731 834 1768 accenso
869 1714 1048 1781 gliscit
1083 1713 1340 1767 violentia
1375 1713 1571 1766 Turno,

214 1787 351 1842 Tum
388 1789 466 1842 sic
501 1790 721 1843 adfatur
756 1806 960 1858 regem,
998 1793 1166 1856 atque
1201 1789 1280 1842 ita
1315 1788 1573 1842 turbidus
1607 1787 1756 1842 infit:
1858 1799 1903 1838 ιο

214 1863 381 1918 Nulla
402 1880 556 1917 mora
578 1865 634 1917 in
660 1865 876 1931 Turn03
912 1866 1047 1918 nihil
1072 1869 1174 1933 est,
1201 1865 1349 1934 quod
1375 1865 1523 1918 dicta
1547 1862 1839 1918 retractent

218 1939 410 2007 Ignavi
448 1937 760 2004 Aeneadae,
797 1957 913 2009 nec,
951 1958 1093 2009 quae
1127 1941 1405 2010 pepigere,
1441 1943 1710 1994 recusent.

216 2015 570 2082 Congredior.
644 2015 753 2070 Fer
789 2033 956 2085 saera,
992 2021 1166 2087 pater,
1203 2021 1261 2071 et
1295 2018 1517 2086 concipe
1550 2017 1754 2070 foedus.

219 2093 336 2144 Aut
369 2090 470 2145 hac
507 2091 846 2146 Dardanium
882 2093 1084 2148 dextra
1118 2092 1220 2146 sub
1257 2093 1485 2147 Tartara
1518 2093 1746 2156 mittam,

216 2167 567 2222 Desertorem
606 2168 1090 2235 Asiae‚—sedeant
1126 2172 1487 2238 spectentque
1523 2168 1769 2221 Latini-
1862 2177 1906 2216 ιε

216 2243 289 2296 Et
326 2244 471 2297 solus
506 2245 651 2298 ferro
688 2245 893 2298 crimen
928 2260 1214 2298 commune
1249 2244 1494 2298 refellam
1518 2265 1532 2308 ;

220 2322 337 2373 Aut
371 2320 573 2374 habeat
607 2321 795 2387 victos,
834 2320 996 2374 cedat
1033 2320 1258 2373 Lavinia
1291 2319 1540 2373 coniunx.

288 2396 395 2448 Olli
435 2397 625 2449 sedato
661 2396 947 2464 respondit
980 2395 1148 2449 corde
1186 2395 1447 2449 Latinus:

218 2473 263 2524 Ο
302 2476 589 2540 praestans
627 2473 794 2525 animi
828 2472 1052 2539 iuveni5‚
1091 2475 1356 2540 quantum
1391 2471 1510 2539 ipsc
1545 2470 1714 2524 feroci

217 2548 441 2602 Virtute
468 2565 777 2616 exsuperaS,
804 2552 960 2602 tanto
983 2563 1073 2600 me
1095 2547 1374 2616 inpensius
1395 2563 1634 2616 aequum
1665 2548 1750 2600 est
1866 2545 1910 2584 2⁰

218 2623 525 2691 Consulem,
564 2627 733 2692 atque
770 2624 943 2677 omnis
979 2625 1318 2677 metuentem
1353 2623 1666 2692 expendere
1700 2635 1860 2676 casus.

218 2699 356 2752 Sunt
390 2699 493 2752 tibi
530 2716 698 2766 regna
732 2700 908 2768 pa’tris
945 2699 1142 2766 Dauni,
1180 2703 1306 2753 sunt
1342 2699 1545 2767 oppida
1580 2701 1738 2767 capta

216 2771 393 2822 Multa
416 2789 581 2826 manu
603 2794 615 2836 ;
650 2790 750 2827 nec
773 2792 879 2826 non
904 2791 1208 2842 aurumque
1233 2775 1554 2842 animusque
1580 2774 1770 2827 Latino
1792 2775 1882 2824 est.

217 2842 355 2891 Sunt
390 2845 526 2896 aliae
562 2847 825 2914 innuptae
861 2849 1020 2902 Latio
1055 2853 1116 2902 et
1153 2849 1520 2903 Laurentibus
1555 2849 1714 2916 agris,

217 2909 269 2960 N
271 2925 333 2960 ec
356 2928 526 2993 genus
550 2919 843 2974 indecores.
918 2923 1045 2976 Sine
1070 2940 1160 2976 me
1183 2924 1318 2976 haee
1341 2924 1490 2976 haud
1515 2924 1698 2977 mollia
1718 2923 1830 2976 fatu

218 2979 455 3031 sumans
492 2992 703 3048 aperire
739 2994 914 3058 dolis3
951 2997 1112 3049 simul
1149 2999 1252 3050 hoc
1287 2999 1466 3051 animo
1503 2998 1698 3052 hauri:
1865 3005 1908 3045 ὃ

219 3047 311 3096 ΜΘ
344 3056 527 3102 natam
564 3061 694 3112 nulli
731 3073 975 3120 veterum
1012 3071 1218 3124 sociare
1253 3088 1539 3139 procorum

220 3115 327 3164 Fas
361 3125 493 3184 erat,
516 3126 682 3193 idque
718 3151 905 3192 omnes
940 3143 1162 3211 divique
1196 3145 1553 3216 hominesque
1591 3147 1866 3202 canebant-
