2163 3401
717 89 1085 148 AEN-Emos
1132 91 1271 140 LIB.
1316 92 1392 141 ΙΙ.
1821 97 1909 146 121

198 170 529 227 Commendo
563 171 722 224 sociis
758 175 817 224 et
851 187 1016 224 curva
1049 171 1193 224 valle
1227 171 1491 239 reeond03

66 236 99 301 'J
199 249 323 317 Ipse
357 247 551 301 urbem
587 249 781 315 repeto
817 250 879 300 et
915 247 1103 312 cingor
1144 247 1480 314 fulgentibus
1515 248 1692 303 armis.

197 326 317 380 Stat
356 341 512 378 casus
549 340 810 377 renovare
846 323 1035 388 omniS,
1075 340 1407 392 omnemque
1440 325 1644 378 reverti
1842 338 1915 380 75ο

197 402 304 456 Per
338 402 572 466 Troiam,
609 403 668 454 et
703 417 895 453 rursus
936 403 1104 469 eaput
1143 399 1417 454 obiectare
1453 401 1683 469 periclis.

266 477 535 546 Principio
571 492 756 529 muros
794 475 1135 544 obscuraque
1172 475 1357 528 limina
1391 480 1603 544 portae,

82 601 92 608 ,
195 555 316 620 Qua
348 570 598 623 gressum
635 551 958 619 extuleram,
996 556 1206 620 repeto,
1244 555 1303 606 et
1337 553 1571 620 vestigia
1605 556 1759 607 retro

196 632 501 690 Observata
537 645 734 697 sequor
767 644 868 696 per
900 632 1121 682 noctem
1158 632 1217 682 et
1250 627 1454 683 lumine
1490 629 1677 684 lustro,

197 709 412 762 Horror
445 704 648 774 ubique
682 704 904 773 animos,
941 704 1098 758 simul
1135 704 1253 772 ipsa
1288 705 1502 760 silentia
1536 709 1767 761 terrent.
1838 720 1912 761 755

195 783 340 837 Inde
375 782 616 847 domum,
653 781 698 833 si
735 781 877 834 forte
913 780 1127 848 pedem,
1165 781 1210 833 si
1245 781 1388 834 forte
1423 783 1655 849 tulisset,

71 909 90 925 q.
195 860 288 912 Me
312 858 503 912 refer0.
583 857 879 910 Inruerant
901 855 1091 924 Danai,
1112 860 1171 910 et
1187 861 1394 910 tectum
1416 875 1574 912 omne
1593 858 1869 914 tenebant.

65 930 90 954 ²*
195 935 353 989 llicet
388 934 532 1002 ignis
567 933 706 986 edax
746 949 957 986 summa
992 932 1064 985 ad
1101 932 1317 1000 fastigia
1351 938 1513 988 vento

193 1010 447 1064 Volvitur
463 1031 476 1075 ;
514 1011 850 1077 exsuperant
886 1008 1151 1072 flammae,
1186 1009 1321 1062 furit
1354 1015 1538 1083 aestus
1572 1010 1645 1064 ad
1678 1027 1857 1067 auras.

193 1086 436 1141 Procedo
473 1091 530 1140 et
571 1084 772 1138 Priami
809 1084 970 1139 sedes
1005 1101 1295 1154 arcemque
1329 1088 1521 1142 reviso,
1832 1102 1905 1144 7ου

191 1164 264 1217 Et
297 1164 405 1216 iam
442 1161 742 1230 porticibus
778 1161 964 1215 vacuis
1001 1161 1225 1215 Iunonis
1260 1163 1405 1232 asylo

192 1236 461 1292 Custodes
498 1236 626 1290 lecti
668 1236 912 1306 Phoenix
951 1241 1009 1291 et
1045 1237 1198 1291 dirus
1236 1238 1425 1292 Ulixes

193 1313 464 1366 Praedam
501 1312 896 1366 adservabant.-
957 1314 1085 1366 Huc
1120 1313 1364 1380 undique
1402 1314 1563 1369 Troia
1596 1333 1729 1384 gaza

193 1389 439 1444 Incensis
477 1391 668 1456 erepta
703 1388 897 1456 adytiS,
933 1405 1261 1456 mensaeque
1297 1389 1539 1460 deorum,

191 1467 562 1532 Crateresque
601 1479 732 1515 auro
769 1463 943 1530 solidi,
979 1465 1303 1530 captivaque
1339 1467 1508 1518 vestis
1831 1475 1905 1517 765

191 1539 536 1609 Congeritur.
614 1537 779 1592 Pueri
813 1541 874 1591 et
907 1537 1137 1604 pavidae
1172 1538 1333 1605 longo
1370 1541 1560 1595 ordine
1594 1547 1800 1598 matres

188 1620 354 1674 Stant
389 1615 603 1670 circum.

191 1698 379 1751 Ausus
419 1692 550 1762 quin
588 1692 755 1747 etiam
793 1708 950 1745 voces
986 1692 1189 1747 iactare
1226 1712 1325 1763 per
1359 1695 1609 1751 umbram

191 1771 403 1841 Inplevi
441 1768 676 1823 clamore
713 1768 844 1835 vias,
881 1773 1231 1837 maestusque
1269 1771 1529 1825 Creusam

191 1848 537 1918 Nequiquam
563 1844 906 1914 ingeminans
929 1844 1241 1914 iterumque
1264 1846 1575 1918 iterumque
1598 1852 1796 1906 vooevi.
1830 1865 1903 1908 770

192 1924 486 1990 Quaerenti
527 1926 587 1978 et
622 1924 784 1976 tectis
820 1921 972 1975 urbis
1009 1922 1127 1978 sine
1162 1922 1271 1977 fine
1306 1924 1511 1979 furenti

190 2001 390 2057 Infelix
427 2001 776 2055 simulacrum
817 2005 983 2067 atquo
1019 2000 1189 2068 ipsius
1225 1999 1420 2055 umbra
1457 2003 1693 2058 Creusae

189 2080 324 2133 Visa
355 2078 488 2143 mihi
527 2084 655 2131 ante
696 2078 876 2131 oeulos
914 2082 972 2130 et
1007 2080 1139 2130 nota
1174 2078 1345 2131 maior
1379 2078 1571 2149 imago,

190 2156 458 2224 Obstipui,
501 2157 886 2223 steteruntque
921 2172 1109 2208 comae
1145 2157 1203 2207 et
1238 2171 1342 2207 vox
1377 2156 1618 2211 faucibus
1652 2159 1845 2215 haesit.

189 2235 328 2287 Tum
363 2232 439 2285 sie
474 2231 646 2285 adfari
687 2235 744 2285 et
781 2248 937 2285 curas
972 2232 1057 2285 his
1095 2233 1317 2287 demere
1354 2234 1538 2289 dictis:
1830 2251 1901 2293 775

191 2311 338 2377 Quid
373 2311 590 2363 tantum
627 2309 823 2365 insano
861 2308 1012 2362 iuvat
1047 2307 1335 2378 indulgere
1372 2311 1557 2380 dolori,

189 2388 238 2442 Ο
277 2388 450 2441 duleis
484 2387 756 2443 coniunx?
800 2406 908 2443 non
947 2387 1083 2442 haee
1120 2386 1236 2440 sine
1270 2390 1487 2443 numine
1524 2391 1705 2444 divom

190 2465 492 2528 Eveniunt3
525 2481 629 2519 nee
665 2468 724 2519 te
761 2467 888 2519 hine
926 2465 1180 2519 comitem
1219 2470 1498 2536 asportare
1536 2466 1797 2521 Creusam

189 2544 302 2596 Fas
335 2544 432 2594 aut
464 2541 558 2595 ille
595 2542 725 2595 sinit
765 2544 946 2611 superi
983 2548 1242 2611 regnator
1279 2543 1504 2611 Olympi.

190 2620 382 2687 Longa
404 2616 506 2671 tibi
530 2617 733 2687 exsilia,
762 2620 822 2672 et
846 2622 1063 2672 vastum
1087 2620 1255 2673 maris
1280 2636 1482 2689 aequor
1504 2621 1783 2685 arandum,
1831 2633 1903 2675 780

189 2697 264 2751 Et
300 2699 505 2749 terram
544 2694 869 2765 Hesperiam
911 2700 1109 2767 venies,
1147 2695 1241 2749 ubi
1280 2695 1481 2764 Lydius
1516 2711 1647 2748 arva

189 2774 350 2827 Inter
384 2774 565 2842 opima
602 2772 778 2827 virum
813 2773 926 2829 leni
962 2774 1085 2829 fluit
1120 2778 1337 2847 agmine
1375 2770 1633 2839 Thybrim

188 2849 314 2904 Illic
348 2868 438 2905 res
471 2852 650 2907 laetae
687 2871 1034 2923 regnumque
1071 2860 1131 2909 et
1163 2856 1314 2923 regia
1350 2852 1578 2907 coniunx

189 2927 360 2981 Parta
393 2929 510 2984 tibi.
592 2932 874 2984 Lacrimas
909 2930 1142 2985 dilectae
1176 2930 1319 2999 pelle
1359 2930 1615 2985 Creusae:

188 3003 242 3056 N
245 3020 316 3057 on
352 3023 454 3074 ego
493 3008 900 3075 Myrmidonum
937 3007 1096 3061 sedes
1136 3007 1473 3076 Dolopumve
1510 3008 1771 3076 superbas
1829 3018 1902 3059 785

188 3081 484 3150 Aspiciam,
521 3088 616 3136 aut
653 3084 834 3137 Graiis
870 3084 1132 3137 servitum
1168 3083 1437 3138 matribus
1469 3081 1575 3152 ibo,

186 3159 479 3224 Dardanis,
515 3162 574 3215 et
608 3158 768 3214 divae
803 3160 1039 3215 Veneris
1071 3176 1266 3225 nurus3
