2163 3401
187 79 282 127 256
649 76 708 125 P.
747 76 1052 124 VERGILI
1086 74 1416 125 MARONIS

188 156 506 225 Inpediunt,
543 157 796 226 fallitque
832 157 1000 211 timor
1034 157 1258 225 regione
1292 158 1521 213 viarum.

187 232 356 286 Nisus
391 231 540 299 abit3
586 233 804 302 iamque
838 232 1140 303 inprudens
1174 239 1424 289 evaserat
1461 234 1637 291 hostis

190 310 382 377 Atque
417 308 578 376 Ιοοοε,
617 310 710 377 qui
745 314 872 378 post
909 309 1089 363 Albae
1124 310 1195 363 de
1229 310 1451 365 nomine
1485 311 1623 367 dicti

191 384 409 453 Albani,
448 390 568 441 tum
602 403 702 439 rex
739 384 954 440 stabula
987 386 1103 439 alta
1139 386 1369 440 Latinus
1405 386 1682 443 habebat:

191 462 272 515 Ut
305 462 481 530 stetit,
514 466 573 517 et
602 462 810 515 frustra
843 461 1131 515 absentem
1166 464 1410 531 respexit
1442 464 1697 519 amicum,

192 538 427 607 Euryale
462 538 666 606 infelix,
703 554 812 606 qua
846 542 904 591 te
940 540 1165 606 regione
1199 539 1438 607 reliqui?
1824 558 1903 597 sm

193 615 380 679 Quave
417 631 631 685 sequar,
665 630 856 668 rursus
892 615 1215 683 perplexum
1248 616 1358 669 iter
1392 632 1552 669 omne
1586 616 1883 671 revolvens

195 690 423 744 Fallacis
460 692 666 745 silvae?
726 688 898 744 Simul
935 694 994 744 et
1027 692 1263 758 vestigia
1296 696 1447 745 retro

193 766 501 821 Observata
535 767 684 834 legit,
721 767 1010 836 dumisque
1045 767 1334 822 silentibus
1368 772 1535 823 errat.

195 844 374 897 Audit
409 860 594 913 equOS,
631 842 789 897 audit
823 844 1089 912 strepitus
1124 847 1183 898 et
1218 844 1373 912 signa
1408 847 1754 914 sequentum.

193 920 244 972 N
249 938 311 973 ec
340 921 561 989 longum
589 921 645 973 in
677 920 860 973 medio
891 923 1127 989 tempus,
1150 937 1273 975 cum
1297 920 1500 975 clamor
1528 919 1601 974 ad
1626 922 1774 975 auris
1816 938 1893 977 ωε

198 997 470 1063 Pervenit,
493 1014 556 1051 ac
586 994 736 1049 videt
767 996 1093 1065 Euryalum3
1134 1013 1301 1066 quem
1333 997 1443 1051 iam
1473 1014 1671 1051 manus
1696 997 1891 1065 onmis,

200 1073 414 1127 Fraude
447 1073 550 1127 loci
587 1077 647 1126 et
681 1073 870 1141 noctis,
907 1072 1091 1127 subito
1124 1072 1385 1127 turbante
1419 1073 1677 1137 tumultu,

196 1150 527 1217 Oppressum
561 1149 705 1217 rapit
741 1152 800 1201 et
833 1152 1121 1203 conantem
1154 1149 1391 1218 plurima
1424 1149 1643 1203 frustra.

197 1224 338 1289 Quid
369 1224 570 1277 faciat?
617 1240 726 1292 qua
759 1225 813 1278 vi
847 1226 1115 1293 iuvenem,
1152 1225 1351 1294 quibus
1384 1225 1590 1279 audeat
1624 1227 1795 1281 armis

196 1301 455 1371 Eripere?
501 1317 571 1354 an
607 1316 728 1354 sese
764 1301 974 1353 medios
1009 1302 1305 1355 moriturus
1338 1302 1394 1355 in
1431 1317 1590 1355 enses
1811 1318 1895 1357 «ιο

195 1378 417 1448 Ιῃΐεταῢ,
453 1380 512 1431 et
544 1376 826 1445 pulchram
859 1381 1123 1446 properet
1157 1394 1257 1445 per
1291 1378 1512 1431 volnera
1546 1380 1815 1434 mortem?

193 1451 358 1507 Ocius
392 1454 629 1507 adducto
663 1457 925 1521 torquens
959 1453 1158 1507 hastile
1192 1453 1413 1523 lacerto,

193 1531 497 1598 suspiciens
531 1530 699 1583 altam
735 1527 808 1582 ad
844 1529 1067 1597 Lunam,
1106 1530 1183 1583 sic
1217 1547 1347 1583 voce
1380 1534 1664 1599 precatur:

191 1606 284 1671 Tu,
321 1606 436 1669 dea,
472 1612 536 1659 tu
571 1622 831 1675 praesens
865 1610 1053 1660 nostro
1090 1609 1345 1660 succurre
1378 1605 1567 1672 labori,

191 1686 482 1737 Astrorum
519 1683 686 1753 decus
714 1688 772 1737 et
805 1698 1088 1736 nemorum
1126 1682 1357 1736 Latonia
1389 1687 1603 1748 custos3
1814 1700 1890 1742 ωε

191 1761 248 1814 si
283 1776 392 1827 qua
425 1760 536 1814 tuis
572 1776 829 1829 umquam
865 1775 966 1827 pro
1001 1776 1091 1812 me
1126 1765 1285 1828 pater
1322 1760 1599 1828 Hyrtacus
1632 1760 1745 1816 aris

189 1835 346 1890 Dona
379 1836 523 1903 tulit,
560 1837 605 1889 si
644 1853 751 1903 qua
786 1836 904 1903 ipse
939 1835 1075 1889 meis
1112 1835 1398 1890 venatibus
1432 1836 1575 1904 auxi,

189 1912 523 1980 Suspendive
559 1913 724 1974 tholo,
759 1914 856 1965 aut
892 1927 1046 1965 sacra
1079 1912 1153 1966 ad
1188 1912 1407 1980 fastigia
1442 1912 1569 1978 fixi3

189 1989 352 2041 Hunc
388 1989 505 2040 sine
537 2006 626 2042 me
657 1988 882 2042 turbare
908 1987 1149 2055 globum,
1178 1991 1235 2042 et
1266 2005 1399 2056 rege
1429 1987 1544 2043 tela
1574 2005 1675 2057 per
1706 2006 1887 2046 auras.

188 2063 430 2130 Dixerat,
469 2069 527 2118 et
560 2068 679 2119 toto
713 2065 974 2118 connixus
1007 2080 1233 2132 corpore
1269 2065 1470 2118 ferrum
1810 2081 1887 2121 410

187 2139 431 2194 Couiicit.
505 2143 686 2194 Hasta
720 2141 906 2193 volans
939 2139 1119 2193 noctis
1154 2139 1471 2196 diverberat
1502 2139 1743 2209 umbras,

187 2217 261 2270 Et
295 2218 445 2272 venit
479 2217 654 2271 aversi
690 2217 745 2269 in
783 2220 1003 2284 tergum
1041 2216 1331 2284 Sulmonis,
1360 2216 1555 2286 ibique

186 2297 496 2364 Frangitur,
533 2316 595 2352 ac
631 2298 760 2350 fisso
795 2299 994 2352 transit
1027 2297 1351 2365 praecordia
1382 2297 1545 2365 ligno,

185 2373 441 2427 Volvitur
475 2375 568 2428 ille
603 2391 826 2427 vomens
861 2374 1098 2427 calidum
1135 2374 1207 2427 de
1240 2378 1462 2442 pectore
1496 2374 1701 2428 flumen

185 2448 457 2518 Frigidus,
496 2453 555 2505 et
588 2450 765 2518 longis
801 2449 1129 2517 singultibus
1165 2450 1259 2502 ilia
1292 2451 1487 2518 pulsat.
1807 2468 1886 2510 41⁵

185 2527 402 2580 Diversi
437 2526 894 2595 circumspiciunt.
967 2527 1089 2578 Hoc
1124 2526 1300 2579 acrior
1332 2525 1481 2579 idem

187 2603 324 2656 Ecce
360 2603 510 2658 aliud
547 2619 758 2656 summa
791 2603 963 2655 telum
999 2599 1239 2655 librabat
1272 2601 1343 2655 ab
1379 2619 1524 2656 aure.

185 2678 330 2731 Dum
365 2679 664 2748 trepidant,
702 2679 777 2732 iit
801 2678 958 2730 hasta
994 2677 1141 2744 Tago
1174 2693 1278 2745 per
1296 2681 1529 2746 tempus
1563 2683 1883 2750 utrumque,

183 2753 449 2819 Stridens,
484 2755 826 2821 traiectoque
859 2752 1038 2806 haesit
1072 2754 1349 2820 tepefacta
1381 2753 1619 2808 cerebro.

183 2829 370 2882 Saevit
403 2833 564 2883 atrox
601 2830 880 2895 Volscens,
914 2845 1016 2882 nec
1049 2828 1166 2882 teli¹
1184 2829 1446 2897 conspicit
1480 2846 1713 2898 usquam
1806 2847 1884 2888 m

182 2903 499 2972 Auctorem,
537 2922 637 2959 nec
673 2922 782 2975 quo
817 2922 877 2959 se
911 2906 1113 2958 ardens
1146 2905 1427 2960 inmittere
1460 2907 1647 2975 possit.

181 2978 264 3032 Tu
299 2981 484 3032 tamen
518 2980 734 3034 interea
769 2981 947 3034 aalide
981 2981 1115 3034 mihi
1152 2982 1411 3049 sanguine
1445 2998 1649 3051 poenas

183 3053 470 3105 Persolves
505 3053 803 3120 amborum,
841 3057 1050 3122 iuquit3
1098 3055 1261 3108 simul
1296 3073 1423 3112 ense
1456 3059 1671 3112 recluso

179 3124 311 3176 Ibat
343 3124 402 3174 in
438 3126 746 3190 Euryalum.
817 3128 954 3180 Tum
989 3145 1121 3182 vero
1154 3132 1467 3200 exterritus,
1502 3149 1709 3202 amens,
