2163 3401
186 128 279 173 200
655 125 716 172 Ρ.
753 122 1064 171 VERGILI
1100 122 1435 173 MARONIS

185 204 485 265 Musaeum.
507 211 638 261 ante
672 204 874 267 omnis;
921 202 1163 256 medium
1198 221 1327 258 nam
1364 206 1600 275 plurima
1633 208 1802 263 turba

185 280 348 335 Hune
383 282 566 350 habet,
603 288 769 349 atque
805 281 1045 333 humeris
1080 284 1393 335 exstantem
1431 284 1657 352 suspicit
1694 285 1855 340 altis:

185 356 383 425 Dicite,
421 359 606 412 felices
645 358 872 423 animae,
911 362 1097 425 tuque,
1136 360 1362 427 optume
1397 363 1566 427 vates,

186 434 338 499 Quae
364 436 514 503 regio
544 436 839 498 Anchisen,
865 433 986 501 quis
1012 432 1182 488 habet
1208 434 1393 489 locus?
1429 434 1575 489 illius
1597 452 1731 505 ergo
1824 452 1905 491 6⁷⁰

183 511 449 565 Venimus
485 516 545 566 et
579 528 806 579 magnos
844 508 1008 563 Erebi
1049 512 1385 564 tranavimus
1422 512 1613 567 amnis.

184 590 375 656 Atque
411 588 537 642 huie
573 603 897 657 responsum
935 586 1135 654 paucis
1162 584 1243 639 ita
1279 587 1527 641 reddidit
1560 587 1753 643 heros:

185 664 334 717 Nulli
371 668 526 719 certa
562 664 785 727 domus;
833 662 970 716 lucis
1006 661 1321 715 habitamus
1358 664 1553 733 opaci8‚

184 740 557 811 Riparumque
593 745 744 795 toros
781 743 841 794 et
875 742 1037 807 prata
1073 740 1317 793 recentia
1354 739 1483 793 rivis

185 816 489 871 Incolimus.
563 816 676 871 Sed
713 833 822 883 vos,
862 816 908 869 si
944 815 1054 869 fert
1089 814 1169 868 ita
1204 816 1368 869 corde
1403 816 1673 883 voluntas,
1820 832 1900 872 675

186 892 306 946 Hoc
342 896 598 962 superate
634 893 854 960 iugum3
905 895 963 945 et
998 891 1143 944 facili
1182 892 1289 944 iam
1327 892 1551 945 tramite
1588 893 1790 947 sistam.

184 968 352 1039 Dixit,
389 974 448 1023 et
482 974 614 1024 ante
650 969 781 1023 tulit
816 984 1081 1036 gressum,
1122 984 1450 1039 camposque
1486 969 1717 1023 nitentis

182 1043 432 1114 Desuper
467 1049 739 1109 ostentat;
788 1044 986 1097 dehine
1022 1060 1233 1097 summa
1269 1044 1549 1097 cacumina
1583 1045 1855 1113 linquunt.

252 1123 334 1175 At
370 1125 529 1188 pater
567 1121 836 1175 Anchises
875 1120 1095 1188 penitus
1134 1120 1375 1173 convalle
1410 1120 1607 1173 virenti

183 1197 428 1251 Inclusas
465 1198 669 1251 animas
707 1212 1076 1265 superumque
1116 1194 1185 1248 ad
1224 1200 1406 1249 lumen
1442 1196 1615 1249 ituras
1818 1212 1899 1249 eso

181 1272 481 1327 Lustrabat
517 1274 700 1327 studio
738 1272 995 1339 recolens,
1033 1288 1360 1340 omnemque
1397 1288 1616 1325 suorum

181 1350 347 1403 Ferte
383 1351 704 1411 recensebat
743 1366 1029 1402 numerum
1071 1364 1334 1415 carosque
1370 1352 1614 1416 nepote8‚

179 1425 429 1496 Fataque
466 1425 822 1494 fortunasque
863 1425 1038 1478 virum
1080 1440 1372 1493 moresque
1408 1441 1725 1492 manusque.

179 1502 347 1570 Isque
381 1502 476 1555 ubi
512 1501 830 1556 tendentem
869 1501 1163 1555 adversum
1200 1518 1301 1570 per
1336 1500 1585 1569 gramina
1618 1500 1760 1554 vidit

178 1580 420 1645 Aenean,
458 1578 650 1632 alacris
685 1578 894 1647 palmas
931 1582 1198 1645 utrasque
1237 1576 1492 1645 tetendit,
1810 1590 1897 1629 ess

178 1654 504 1724 Effusaeque
539 1654 694 1724 genis
729 1654 998 1722 lacrimae,
1038 1657 1099 1709 et
1133 1670 1237 1708 vox
1280 1652 1482 1708 excidit
1516 1669 1640 1710 ore:

175 1728 389 1785 Venisti
429 1730 668 1798 tandem,
707 1736 911 1799 tuaque
947 1733 1279 1800 exspectata·
1301 1730 1517 1799 parenti

177 1807 324 1862 Vicit
359 1809 467 1862 iter
503 1808 699 1862 durum
737 1809 949 1876 pietas?
999 1807 1165 1861 datur
1204 1823 1299 1860 ora
1336 1804 1497 1874 tueri,

175 1883 336 1952 Nate,
372 1888 480 1950 tua,
520 1889 577 1937 ct
615 1889 774 1938 notas
809 1883 1001 1937 audire
1040 1889 1099 1936 et
1135 1881 1369 1936 reddere
1410 1883 1601 1936 voces?

176 1959 265 2012 Sic
301 1960 558 2028 equ5dem
593 1959 860 2013 ducebam
898 1959 1076 2012 animo
1116 1959 1389 2027 rebarque
1426 1959 1681 2025 futurum,
1814 1975 1896 2015 oeo

175 2035 440 2105 Tempora
471 2035 838 2103 dinumerans,
877 2053 978 2089 nee
1014 2052 1104 2090 me
1144 2052 1265 2088 mea
1302 2051 1433 2088 cura
1468 2033 1670 2088 fefellit.

177 2112 322 2176 Quas
358 2128 461 2180 ego
495 2116 554 2165 te
589 2117 767 2166 terras
804 2117 863 2167 et
899 2116 1107 2181 quanta
1142 2128 1244 2180 per
1284 2127 1524 2180 aequora
1559 2115 1777 2164 vectum

175 2189 428 2258 Accipio!
480 2190 698 2258 quantis
735 2192 1012 2254 iactatum,
1049 2191 1197 2256 nate,
1232 2186 1475 2258 periclis!

175 2264 349 2328 Quam
385 2265 570 2334 metui,
607 2283 676 2319 ne
713 2264 850 2335 quid
887 2265 1090 2333 Libyae
1128 2264 1231 2318 tibi
1270 2281 1442 2332 regna
1476 2267 1765 2319 nocerent!

178 2341 278 2394 llle
314 2346 526 2396 autem:
577 2343 692 2398 Tua
725 2360 829 2410 me,
868 2342 1101 2411 genitor,
1140 2344 1240 2395 tua
1281 2341 1457 2394 tristis
1494 2341 1689 2408 image,
1812 2355 1894 2395 ess

175 2418 401 2488 Saepius
436 2436 736 2488 occurrens,
773 2419 909 2473 haec
944 2419 1135 2472 limina
1172 2417 1405 2472 tendere
1442 2417 1661 2484 adegit;

173 2493 336 2548 Stant
372 2495 484 2549 sale
521 2494 799 2564 Tyrrheno
836 2497 1046 2550 classes.
1128 2496 1217 2550 Da
1252 2494 1479 2562 iungere
1515 2493 1787 2561 dextram,

173 2570 272 2639 Da,
307 2573 538 2640 genitor,
577 2577 746 2643 teque
783 2574 1037 2642 amplexu
1076 2591 1147 2627 ne
1190 2570 1449 2626 subtrahe
1483 2573 1690 2624 nostro.

174 2646 262 2699 Sic
298 2664 606 2703 memorans
639 2651 793 2719 largo
831 2650 966 2703 fietu
1003 2651 1163 2703 simul
1205 2665 1301 2702 ora
1335 2647 1565 2715 rigabat.

174 2721 280 2774 Ter
314 2727 539 2777 conatus
575 2725 651 2780 ibi
689 2727 824 2780 collo
865 2726 1000 2780 dare
1038 2725 1292 2779 bracchia
1331 2724 1550 2792 circum,
1818 2736 1896 2776 rou

175 2797 282 2849 Ter
314 2797 520 2853 frustra
555 2817 854 2870 conprensa
891 2820 1086 2856 manus
1127 2802 1321 2870 effugit
1355 2801 1550 2869 image,

177 2869 286 2921 Par
320 2869 529 2925 levibus
565 2878 744 2930 ventis
781 2879 1097 2947 volucrique
1138 2877 1409 2931 simillima
1446 2891 1651 2931 somno,

247 2943 468 2998 Interea
503 2949 657 3003 videt
697 2953 910 3006 Aeneas
945 2955 1000 3007 in
1036 2955 1177 3008 valle
1214 2955 1442 3010 reducta

178 3017 457 3072 Seclusum
492 3039 682 3078 nemus
718 3032 777 3082 et
811 3030 1051 3096 virgulta
1088 3031 1336 3087 sonantia
1375 3030 1536 3094 silvis,

180 3090 604 3178 Lethaeumque‚
620 3097 830 3186 ’domos
865 3104 1108 3172 placidas
1146 3111 1239 3176 qui
1276 3109 1589 3178 praenatat,
1626 3119 1866 3160 amnem.

243 3180 344 3218 *mc
378 3181 579 3222 circum
616 3187 934 3232 mnumerae
967 3186 1165 3246 gentes
1200 3184 1495 3251 populique
1534 3181 1839 3249 volabant3
