<?xml version="1.0" encoding="UTF-8"?>
<!DOCTYPE html PUBLIC "-//W3C//DTD XHTML 1.0 Transitional//EN"
    "http://www.w3.org/TR/xhtml1/DTD/xhtml1-transitional.dtd">
<html xmlns="http://www.w3.org/1999/xhtml" xml:lang="en" lang="en">
 <head>
  <title>
</title>
<meta http-equiv="Content-Type" content="text/html;charset=utf-8" />
  <meta name='ocr-system' content='tesseract 3.04.00' />
  <meta name='ocr-capabilities' content='ocr_page ocr_carea ocr_par ocr_line ocrx_word'/>
</head>
<body>
  <div class='ocr_page' id='page_1' title='image "./operaexrecensio04virggoog/operaexrecensio04virggoog_0347.png"; bbox 0 0 2163 3401; ppageno 0'>
   <div class='ocr_carea' id='block_1_1' title="bbox 192 82 1966 3202">
    <p class='ocr_par' dir='ltr' id='par_1_1' title="bbox 192 82 1966 3202">
     <span class='ocr_line' id='line_1_1' title="bbox 754 82 1963 136; baseline 0.01 -7"><span class='ocrx_word' id='word_1_1' title='bbox 754 82 1130 133; x_wconf 84' lang='lat' dir='ltr'>AENEIDOS</span> <span class='ocrx_word' id='word_1_2' title='bbox 1163 84 1301 135; x_wconf 91' lang='lat' dir='ltr'><strong>LIB.</strong></span> <span class='ocrx_word' id='word_1_3' title='bbox 1340 85 1472 136; x_wconf 73' lang='lat' dir='ltr'>xn.</span> <span class='ocrx_word' id='word_1_4' title='bbox 1873 83 1963 129; x_wconf 75' lang='lat'>333</span> 
     </span>
     <span class='ocr_line' id='line_1_2' title="bbox 264 158 1904 233; baseline 0.002 -19"><span class='ocrx_word' id='word_1_5' title='bbox 264 158 588 228; x_wconf 78' lang='lat' dir='ltr'><strong>Insequitur,</strong></span> <span class='ocrx_word' id='word_1_6' title='bbox 623 161 941 230; x_wconf 70' lang='lat' dir='ltr'><strong>trepidique</strong></span> <span class='ocrx_word' id='word_1_7' title='bbox 974 162 1174 231; x_wconf 89' lang='lat' dir='ltr'>pedem</span> <span class='ocrx_word' id='word_1_8' title='bbox 1211 164 1356 233; x_wconf 89' lang='lat' dir='ltr'>pede</span> <span class='ocrx_word' id='word_1_9' title='bbox 1389 164 1638 219; x_wconf 86' lang='lat' dir='ltr'>fervidus</span> <span class='ocrx_word' id='word_1_10' title='bbox 1672 164 1904 231; x_wconf 76' lang='lat' dir='ltr'>urguet:</span> 
     </span>
     <span class='ocr_line' id='line_1_3' title="bbox 264 235 1561 307; baseline 0.005 -18"><span class='ocrx_word' id='word_1_11' title='bbox 264 235 533 289; x_wconf 88' lang='lat' dir='ltr'>Inclusum</span> <span class='ocrx_word' id='word_1_12' title='bbox 567 236 742 292; x_wconf 74' lang='lat' dir='ltr'>veluti</span> <span class='ocrx_word' id='word_1_13' title='bbox 774 237 821 291; x_wconf 90' lang='lat' dir='ltr'>si</span> <span class='ocrx_word' id='word_1_14' title='bbox 856 238 1077 307; x_wconf 85' lang='lat' dir='ltr'>quando</span> <span class='ocrx_word' id='word_1_15' title='bbox 1111 239 1336 294; x_wconf 86' lang='lat' dir='ltr'>flumine</span> <span class='ocrx_word' id='word_1_16' title='bbox 1370 244 1561 295; x_wconf 86' lang='lat' dir='ltr'>nactus</span> 
     </span>
     <span class='ocr_line' id='line_1_4' title="bbox 262 312 1966 387; baseline 0.002 -21"><span class='ocrx_word' id='word_1_17' title='bbox 262 312 489 367; x_wconf 78' lang='lat' dir='ltr'>cervum</span> <span class='ocrx_word' id='word_1_18' title='bbox 523 315 622 367; x_wconf 87' lang='lat' dir='ltr'>aut</span> <span class='ocrx_word' id='word_1_19' title='bbox 644 313 919 381; x_wconf 78' lang='lat' dir='ltr'>‚puniceae</span> <span class='ocrx_word' id='word_1_20' title='bbox 956 318 1208 385; x_wconf 80' lang='lat' dir='ltr'>saeptum</span> <span class='ocrx_word' id='word_1_21' title='bbox 1245 316 1538 371; x_wconf 91' lang='lat' dir='ltr'>formidine</span> <span class='ocrx_word' id='word_1_22' title='bbox 1572 330 1784 387; x_wconf 82' lang='lat' dir='ltr'>pennae</span> <span class='ocrx_word' id='word_1_23' title='bbox 1892 327 1966 371; x_wconf 72' lang='grc' dir='ltr'>πο</span> 
     </span>
     <span class='ocr_line' id='line_1_5' title="bbox 260 388 1548 458; baseline 0.005 -18"><span class='ocrx_word' id='word_1_24' title='bbox 260 388 502 441; x_wconf 80' lang='lat' dir='ltr'>Venator</span> <span class='ocrx_word' id='word_1_25' title='bbox 536 405 699 442; x_wconf 85' lang='lat' dir='ltr'>cursu</span> <span class='ocrx_word' id='word_1_26' title='bbox 732 389 884 445; x_wconf 90' lang='lat' dir='ltr'>canis</span> <span class='ocrx_word' id='word_1_27' title='bbox 920 393 980 445; x_wconf 92' lang='lat' dir='ltr'>et</span> <span class='ocrx_word' id='word_1_28' title='bbox 1014 390 1310 447; x_wconf 85' lang='lat' dir='ltr'>latratibus</span> <span class='ocrx_word' id='word_1_29' title='bbox 1346 392 1548 458; x_wconf 83' lang='lat' dir='ltr'>instat3</span> 
     </span>
     <span class='ocr_line' id='line_1_6' title="bbox 260 462 1526 536; baseline 0.006 -19"><span class='ocrx_word' id='word_1_30' title='bbox 260 462 360 518; x_wconf 90' lang='lat' dir='ltr'>Ille</span> <span class='ocrx_word' id='word_1_31' title='bbox 395 466 594 532; x_wconf 87' lang='lat' dir='ltr'>autem,</span> <span class='ocrx_word' id='word_1_32' title='bbox 628 465 845 520; x_wconf 81' lang='lat' dir='ltr'>insidiis</span> <span class='ocrx_word' id='word_1_33' title='bbox 881 468 940 521; x_wconf 88' lang='lat' dir='ltr'>et</span> <span class='ocrx_word' id='word_1_34' title='bbox 974 466 1096 536; x_wconf 85' lang='lat' dir='ltr'>ripa</span> <span class='ocrx_word' id='word_1_35' title='bbox 1131 469 1363 523; x_wconf 88' lang='lat' dir='ltr'>territus</span> <span class='ocrx_word' id='word_1_36' title='bbox 1398 469 1526 535; x_wconf 86' lang='lat' dir='ltr'>alta,</span> 
     </span>
     <span class='ocr_line' id='line_1_7' title="bbox 258 539 1710 611; baseline 0.003 -18"><span class='ocrx_word' id='word_1_37' title='bbox 258 539 409 593; x_wconf 83' lang='lat' dir='ltr'>Mille</span> <span class='ocrx_word' id='word_1_38' title='bbox 442 540 585 608; x_wconf 86' lang='lat' dir='ltr'>fugit</span> <span class='ocrx_word' id='word_1_39' title='bbox 619 542 937 611; x_wconf 82' lang='lat' dir='ltr'>refugitque</span> <span class='ocrx_word' id='word_1_40' title='bbox 970 542 1114 599; x_wconf 78' lang='lat' dir='ltr'>vias:</span> <span class='ocrx_word' id='word_1_41' title='bbox 1151 549 1212 599; x_wconf 88' lang='lat' dir='ltr'>at</span> <span class='ocrx_word' id='word_1_42' title='bbox 1245 544 1464 599; x_wconf 79' lang='lat' dir='ltr'>vividus</span> <span class='ocrx_word' id='word_1_43' title='bbox 1498 542 1710 599; x_wconf 85' lang='lat' dir='ltr'><strong>Umber</strong></span> 
     </span>
     <span class='ocr_line' id='line_1_8' title="bbox 259 614 1859 689; baseline 0.002 -20"><span class='ocrx_word' id='word_1_44' title='bbox 259 614 466 670; x_wconf 85' lang='lat' dir='ltr'>Haeret</span> <span class='ocrx_word' id='word_1_45' title='bbox 500 616 671 684; x_wconf 87' lang='lat' dir='ltr'>hians,</span> <span class='ocrx_word' id='word_1_46' title='bbox 706 617 815 673; x_wconf 87' lang='lat' dir='ltr'>iam</span> <span class='ocrx_word' id='word_1_47' title='bbox 849 619 1068 688; x_wconf 84' lang='lat' dir='ltr'>iamque</span> <span class='ocrx_word' id='word_1_48' title='bbox 1103 624 1274 689; x_wconf 89' lang='lat' dir='ltr'>tenet,</span> <span class='ocrx_word' id='word_1_49' title='bbox 1310 620 1610 689; x_wconf 88' lang='lat' dir='ltr'>similisque</span> <span class='ocrx_word' id='word_1_50' title='bbox 1645 617 1859 673; x_wconf 87' lang='lat' dir='ltr'>tenenti</span> 
     </span>
     <span class='ocr_line' id='line_1_9' title="bbox 258 691 1964 765; baseline 0.001 -20"><span class='ocrx_word' id='word_1_51' title='bbox 258 691 538 761; x_wconf 80' lang='lat' dir='ltr'>Increpuit</span> <span class='ocrx_word' id='word_1_52' title='bbox 573 693 744 762; x_wconf 89' lang='lat' dir='ltr'>malis,</span> <span class='ocrx_word' id='word_1_53' title='bbox 778 710 1073 765; x_wconf 88' lang='lat' dir='ltr'>morsuque</span> <span class='ocrx_word' id='word_1_54' title='bbox 1111 696 1295 751; x_wconf 88' lang='lat' dir='ltr'>elusus</span> <span class='ocrx_word' id='word_1_55' title='bbox 1331 696 1478 750; x_wconf 91' lang='lat' dir='ltr'>inani</span> <span class='ocrx_word' id='word_1_56' title='bbox 1515 698 1614 750; x_wconf 84' lang='lat' dir='ltr'>est.</span> <span class='ocrx_word' id='word_1_57' title='bbox 1893 702 1964 749; x_wconf 72' lang='lat'>756</span> 
     </span>
     <span class='ocr_line' id='line_1_10' title="bbox 256 767 1685 842; baseline 0.003 -22"><span class='ocrx_word' id='word_1_58' title='bbox 256 767 390 821; x_wconf 83' lang='lat' dir='ltr'>Tum</span> <span class='ocrx_word' id='word_1_59' title='bbox 425 784 554 823; x_wconf 85' lang='lat' dir='ltr'>vero</span> <span class='ocrx_word' id='word_1_60' title='bbox 590 770 836 825; x_wconf 85' lang='lat' dir='ltr'>exoritur</span> <span class='ocrx_word' id='word_1_61' title='bbox 871 770 1092 839; x_wconf 87' lang='lat' dir='ltr'>clamor,</span> <span class='ocrx_word' id='word_1_62' title='bbox 1129 773 1392 842; x_wconf 78' lang='lat' dir='ltr'>ripaeque</span> <span class='ocrx_word' id='word_1_63' title='bbox 1426 772 1685 839; x_wconf 89' lang='lat' dir='ltr'>lacusque</span> 
     </span>
     <span class='ocr_line' id='line_1_11' title="bbox 256 843 1806 915; baseline 0.003 -18"><span class='ocrx_word' id='word_1_64' title='bbox 256 843 598 915; x_wconf 85' lang='lat' dir='ltr'>Responsant</span> <span class='ocrx_word' id='word_1_65' title='bbox 632 846 787 913; x_wconf 82' lang='lat' dir='ltr'>circa,</span> <span class='ocrx_word' id='word_1_66' title='bbox 823 850 882 901; x_wconf 90' lang='lat' dir='ltr'>et</span> <span class='ocrx_word' id='word_1_67' title='bbox 917 847 1126 902; x_wconf 87' lang='lat' dir='ltr'>caelum</span> <span class='ocrx_word' id='word_1_68' title='bbox 1162 851 1321 903; x_wconf 87' lang='lat' dir='ltr'>tonat</span> <span class='ocrx_word' id='word_1_69' title='bbox 1354 864 1514 901; x_wconf 88' lang='lat' dir='ltr'>omne</span> <span class='ocrx_word' id='word_1_70' title='bbox 1549 845 1806 901; x_wconf 81' lang='lat' dir='ltr'><strong>tumultu.</strong></span> 
     </span>
     <span class='ocr_line' id='line_1_12' title="bbox 255 919 1781 992; baseline 0.001 -20"><span class='ocrx_word' id='word_1_71' title='bbox 255 919 359 973; x_wconf 86' lang='lat' dir='ltr'>Ille</span> <span class='ocrx_word' id='word_1_72' title='bbox 394 920 554 975; x_wconf 87' lang='lat' dir='ltr'>simul</span> <span class='ocrx_word' id='word_1_73' title='bbox 588 921 801 989; x_wconf 83' lang='lat' dir='ltr'>fugiens</span> <span class='ocrx_word' id='word_1_74' title='bbox 838 922 1075 977; x_wconf 88' lang='lat' dir='ltr'>Rutulos</span> <span class='ocrx_word' id='word_1_75' title='bbox 1111 923 1275 978; x_wconf 87' lang='lat' dir='ltr'>simul</span> <span class='ocrx_word' id='word_1_76' title='bbox 1309 924 1558 992; x_wconf 73' lang='lat' dir='ltr'>increpat</span> <span class='ocrx_word' id='word_1_77' title='bbox 1592 922 1781 986; x_wconf 89' lang='lat' dir='ltr'>omnis,</span> 
     </span>
     <span class='ocr_line' id='line_1_13' title="bbox 252 996 1926 1067; baseline 0 -18"><span class='ocrx_word' id='word_1_78' title='bbox 252 996 484 1051; x_wconf 83' lang='lat' dir='ltr'>Nomine</span> <span class='ocrx_word' id='word_1_79' title='bbox 519 1014 793 1067; x_wconf 88' lang='lat' dir='ltr'>quemque</span> <span class='ocrx_word' id='word_1_80' title='bbox 827 1014 1043 1066; x_wconf 82' lang='lat' dir='ltr'>vocans,</span> <span class='ocrx_word' id='word_1_81' title='bbox 1080 1003 1386 1067; x_wconf 85' lang='lat' dir='ltr'>notumque</span> <span class='ocrx_word' id='word_1_82' title='bbox 1423 998 1689 1067; x_wconf 84' lang='lat' dir='ltr'>efflagitat</span> <span class='ocrx_word' id='word_1_83' title='bbox 1721 1012 1926 1051; x_wconf 86' lang='lat' dir='ltr'>ensem.</span> 
     </span>
     <span class='ocr_line' id='line_1_14' title="bbox 252 1074 1960 1144; baseline -0.002 -13"><span class='ocrx_word' id='word_1_84' title='bbox 252 1074 471 1131; x_wconf 78' lang='lat' dir='ltr'>Aeneas</span> <span class='ocrx_word' id='word_1_85' title='bbox 504 1078 735 1129; x_wconf 87' lang='lat' dir='ltr'>mortem</span> <span class='ocrx_word' id='word_1_86' title='bbox 770 1079 961 1131; x_wconf 85' lang='lat' dir='ltr'>contra</span> <span class='ocrx_word' id='word_1_87' title='bbox 996 1092 1366 1144; x_wconf 80' lang='lat' dir='ltr'>praesensque</span> <span class='ocrx_word' id='word_1_88' title='bbox 1402 1075 1643 1129; x_wconf 87' lang='lat' dir='ltr'>minatur</span> <span class='ocrx_word' id='word_1_89' title='bbox 1887 1086 1960 1128; x_wconf 77' lang='lat'>⁷00</span> 
     </span>
     <span class='ocr_line' id='line_1_15' title="bbox 252 1148 1804 1221; baseline 0.001 -20"><span class='ocrx_word' id='word_1_90' title='bbox 252 1148 511 1214; x_wconf 77' lang='lat' dir='ltr'>Exitium,</span> <span class='ocrx_word' id='word_1_91' title='bbox 548 1149 595 1205; x_wconf 83' lang='lat' dir='ltr'>si</span> <span class='ocrx_word' id='word_1_92' title='bbox 631 1150 916 1220; x_wconf 87' lang='lat' dir='ltr'>quisquam</span> <span class='ocrx_word' id='word_1_93' title='bbox 955 1151 1138 1219; x_wconf 86' lang='lat' dir='ltr'>adeat,</span> <span class='ocrx_word' id='word_1_94' title='bbox 1175 1155 1461 1221; x_wconf 87' lang='lat' dir='ltr'>terretque</span> <span class='ocrx_word' id='word_1_95' title='bbox 1496 1149 1804 1217; x_wconf 85' lang='lat' dir='ltr'>trementis,</span> 
     </span>
     <span class='ocr_line' id='line_1_16' title="bbox 250 1225 1678 1295; baseline 0.002 -17"><span class='ocrx_word' id='word_1_96' title='bbox 250 1225 575 1278; x_wconf 84' lang='lat' dir='ltr'>Excisumm</span> <span class='ocrx_word' id='word_1_97' title='bbox 609 1226 803 1281; x_wconf 86' lang='lat' dir='ltr'>urbem</span> <span class='ocrx_word' id='word_1_98' title='bbox 840 1226 1113 1295; x_wconf 75' lang='lat' dir='ltr'>minitan3‚</span> <span class='ocrx_word' id='word_1_99' title='bbox 1153 1231 1214 1283; x_wconf 91' lang='lat' dir='ltr'>et</span> <span class='ocrx_word' id='word_1_100' title='bbox 1250 1228 1462 1283; x_wconf 88' lang='lat' dir='ltr'>saucius</span> <span class='ocrx_word' id='word_1_101' title='bbox 1495 1227 1678 1282; x_wconf 84' lang='lat' dir='ltr'>instat.</span> 
     </span>
     <span class='ocr_line' id='line_1_17' title="bbox 251 1300 1835 1372; baseline 0.001 -19"><span class='ocrx_word' id='word_1_102' title='bbox 251 1300 501 1369; x_wconf 79' lang='lat' dir='ltr'>Quinque</span> <span class='ocrx_word' id='word_1_103' title='bbox 536 1301 685 1355; x_wconf 89' lang='lat' dir='ltr'>orbis</span> <span class='ocrx_word' id='word_1_104' title='bbox 720 1302 943 1372; x_wconf 82' lang='lat' dir='ltr'>explent</span> <span class='ocrx_word' id='word_1_105' title='bbox 978 1319 1158 1371; x_wconf 89' lang='lat' dir='ltr'>cursu,</span> <span class='ocrx_word' id='word_1_106' title='bbox 1191 1304 1537 1372; x_wconf 87' lang='lat' dir='ltr'>totidemque</span> <span class='ocrx_word' id='word_1_107' title='bbox 1573 1305 1835 1357; x_wconf 87' lang='lat' dir='ltr'>retexunt</span> 
     </span>
     <span class='ocr_line' id='line_1_18' title="bbox 248 1377 1819 1447; baseline 0.001 -18"><span class='ocrx_word' id='word_1_108' title='bbox 248 1377 377 1430; x_wconf 91' lang='lat' dir='ltr'>Huc</span> <span class='ocrx_word' id='word_1_109' title='bbox 410 1377 565 1443; x_wconf 90' lang='lat' dir='ltr'>illuc;</span> <span class='ocrx_word' id='word_1_110' title='bbox 600 1394 780 1447; x_wconf 89' lang='lat' dir='ltr'>neque</span> <span class='ocrx_word' id='word_1_111' title='bbox 816 1378 960 1433; x_wconf 87' lang='lat' dir='ltr'>enim</span> <span class='ocrx_word' id='word_1_112' title='bbox 995 1380 1140 1433; x_wconf 86' lang='lat' dir='ltr'>levia</span> <span class='ocrx_word' id='word_1_113' title='bbox 1176 1382 1273 1435; x_wconf 87' lang='lat' dir='ltr'>aut</span> <span class='ocrx_word' id='word_1_114' title='bbox 1310 1379 1520 1433; x_wconf 88' lang='lat' dir='ltr'>ludicra</span> <span class='ocrx_word' id='word_1_115' title='bbox 1553 1379 1819 1447; x_wconf 87' lang='lat' dir='ltr'>petuntur</span> 
     </span>
     <span class='ocr_line' id='line_1_19' title="bbox 249 1452 1959 1524; baseline 0 -19"><span class='ocrx_word' id='word_1_116' title='bbox 249 1452 513 1522; x_wconf 81' lang='lat' dir='ltr'>Praemia,</span> <span class='ocrx_word' id='word_1_117' title='bbox 539 1453 639 1509; x_wconf 87' lang='lat' dir='ltr'>sed</span> <span class='ocrx_word' id='word_1_118' title='bbox 663 1454 831 1509; x_wconf 87' lang='lat' dir='ltr'>Turni</span> <span class='ocrx_word' id='word_1_119' title='bbox 856 1454 927 1510; x_wconf 88' lang='lat' dir='ltr'>de</span> <span class='ocrx_word' id='word_1_120' title='bbox 952 1455 1068 1509; x_wconf 83' lang='lat' dir='ltr'>vita</span> <span class='ocrx_word' id='word_1_121' title='bbox 1093 1457 1152 1510; x_wconf 87' lang='lat' dir='ltr'>et</span> <span class='ocrx_word' id='word_1_122' title='bbox 1175 1454 1436 1524; x_wconf 85' lang='lat' dir='ltr'>sanguine</span> <span class='ocrx_word' id='word_1_123' title='bbox 1460 1456 1691 1507; x_wconf 87' lang='lat' dir='ltr'>certant.</span> <span class='ocrx_word' id='word_1_124' title='bbox 1888 1463 1959 1511; x_wconf 74' lang='lat'>7⁰3</span> 
     </span>
     <span class='ocr_line' id='line_1_20' title="bbox 246 1528 1520 1601; baseline 0.002 -20"><span class='ocrx_word' id='word_1_125' title='bbox 246 1528 419 1583; x_wconf 82' lang='lat' dir='ltr'>Forte</span> <span class='ocrx_word' id='word_1_126' title='bbox 452 1546 606 1584; x_wconf 88' lang='lat' dir='ltr'>sacer</span> <span class='ocrx_word' id='word_1_127' title='bbox 640 1530 830 1585; x_wconf 81' lang='lat' dir='ltr'>Fauno</span> <span class='ocrx_word' id='word_1_128' title='bbox 864 1531 1009 1586; x_wconf 81' lang='lat' dir='ltr'>foliis</span> <span class='ocrx_word' id='word_1_129' title='bbox 1044 1531 1284 1601; x_wconf 78' lang='lat' dir='ltr'>oleaster</span> <span class='ocrx_word' id='word_1_130' title='bbox 1318 1528 1520 1584; x_wconf 86' lang='lat' dir='ltr'>amaris</span> 
     </span>
     <span class='ocr_line' id='line_1_21' title="bbox 246 1604 1634 1675; baseline 0.001 -18"><span class='ocrx_word' id='word_1_131' title='bbox 246 1604 359 1658; x_wconf 92' lang='lat' dir='ltr'>Hic</span> <span class='ocrx_word' id='word_1_132' title='bbox 394 1608 639 1673; x_wconf 87' lang='lat' dir='ltr'>steterat,</span> <span class='ocrx_word' id='word_1_133' title='bbox 672 1606 858 1663; x_wconf 87' lang='lat' dir='ltr'>nautis</span> <span class='ocrx_word' id='word_1_134' title='bbox 894 1607 1023 1661; x_wconf 91' lang='lat' dir='ltr'>olim</span> <span class='ocrx_word' id='word_1_135' title='bbox 1058 1606 1376 1661; x_wconf 81' lang='lat' dir='ltr'>venerabile</span> <span class='ocrx_word' id='word_1_136' title='bbox 1411 1606 1634 1675; x_wconf 87' lang='lat' dir='ltr'>lignum,</span> 
     </span>
     <span class='ocr_line' id='line_1_22' title="bbox 245 1680 1570 1752; baseline 0.002 -18"><span class='ocrx_word' id='word_1_137' title='bbox 245 1680 463 1737; x_wconf 78' lang='lat' dir='ltr'>Servati</span> <span class='ocrx_word' id='word_1_138' title='bbox 498 1698 567 1736; x_wconf 87' lang='lat' dir='ltr'>ex</span> <span class='ocrx_word' id='word_1_139' title='bbox 602 1682 766 1738; x_wconf 87' lang='lat' dir='ltr'>undis</span> <span class='ocrx_word' id='word_1_140' title='bbox 801 1682 896 1737; x_wconf 90' lang='lat' dir='ltr'>ubi</span> <span class='ocrx_word' id='word_1_141' title='bbox 932 1683 1106 1752; x_wconf 86' lang='lat' dir='ltr'>figere</span> <span class='ocrx_word' id='word_1_142' title='bbox 1141 1682 1284 1738; x_wconf 86' lang='lat' dir='ltr'>dona</span> <span class='ocrx_word' id='word_1_143' title='bbox 1321 1680 1570 1737; x_wconf 86' lang='lat' dir='ltr'>solebant</span> 
     </span>
     <span class='ocr_line' id='line_1_23' title="bbox 244 1757 1573 1828; baseline 0.002 -18"><span class='ocrx_word' id='word_1_144' title='bbox 244 1757 509 1813; x_wconf 81' lang='lat' dir='ltr'>Laurenti</span> <span class='ocrx_word' id='word_1_145' title='bbox 544 1759 672 1813; x_wconf 87' lang='lat' dir='ltr'>divo</span> <span class='ocrx_word' id='word_1_146' title='bbox 707 1763 767 1813; x_wconf 90' lang='lat' dir='ltr'>et</span> <span class='ocrx_word' id='word_1_147' title='bbox 800 1763 955 1814; x_wconf 84' lang='lat' dir='ltr'>votas</span> <span class='ocrx_word' id='word_1_148' title='bbox 992 1759 1328 1828; x_wconf 84' lang='lat' dir='ltr'>suspendere</span> <span class='ocrx_word' id='word_1_149' title='bbox 1364 1763 1573 1823; x_wconf 83' lang='lat' dir='ltr'>vestes3</span> 
     </span>
     <span class='ocr_line' id='line_1_24' title="bbox 242 1833 1956 1902; baseline -0.002 -15"><span class='ocrx_word' id='word_1_150' title='bbox 242 1833 361 1888; x_wconf 84' lang='lat' dir='ltr'>Sed</span> <span class='ocrx_word' id='word_1_151' title='bbox 395 1835 621 1902; x_wconf 78' lang='lat' dir='ltr'>stirpem</span> <span class='ocrx_word' id='word_1_152' title='bbox 658 1835 853 1889; x_wconf 84' lang='lat' dir='ltr'>Teucri</span> <span class='ocrx_word' id='word_1_153' title='bbox 887 1835 1035 1889; x_wconf 87' lang='lat' dir='ltr'>nullo</span> <span class='ocrx_word' id='word_1_154' title='bbox 1072 1835 1386 1889; x_wconf 84' lang='lat' dir='ltr'>discrimine</span> <span class='ocrx_word' id='word_1_155' title='bbox 1424 1851 1633 1888; x_wconf 84' lang='lat' dir='ltr'>sacrum</span> <span class='ocrx_word' id='word_1_156' title='bbox 1883 1845 1956 1886; x_wconf 75' lang='grc' dir='ltr'>πο</span> 
     </span>
     <span class='ocr_line' id='line_1_25' title="bbox 243 1909 1744 1980; baseline 0 -18"><span class='ocrx_word' id='word_1_157' title='bbox 243 1909 609 1979; x_wconf 84' lang='lat' dir='ltr'>Sustulerant,</span> <span class='ocrx_word' id='word_1_158' title='bbox 644 1928 781 1980; x_wconf 88' lang='lat' dir='ltr'>puro</span> <span class='ocrx_word' id='word_1_159' title='bbox 818 1913 881 1964; x_wconf 91' lang='lat' dir='ltr'>ut</span> <span class='ocrx_word' id='word_1_160' title='bbox 916 1916 1142 1980; x_wconf 87' lang='lat' dir='ltr'>possent</span> <span class='ocrx_word' id='word_1_161' title='bbox 1178 1927 1502 1965; x_wconf 89' lang='lat' dir='ltr'>concurrere</span> <span class='ocrx_word' id='word_1_162' title='bbox 1539 1925 1744 1980; x_wconf 87' lang='lat' dir='ltr'>campe.</span> 
     </span>
     <span class='ocr_line' id='line_1_26' title="bbox 244 1985 1664 2056; baseline -0.001 -14"><span class='ocrx_word' id='word_1_163' title='bbox 244 1985 360 2042; x_wconf 87' lang='lat' dir='ltr'>Hie</span> <span class='ocrx_word' id='word_1_164' title='bbox 394 1985 551 2042; x_wconf 85' lang='lat' dir='ltr'>hasta</span> <span class='ocrx_word' id='word_1_165' title='bbox 588 1988 812 2041; x_wconf 83' lang='lat' dir='ltr'>Aeneae</span> <span class='ocrx_word' id='word_1_166' title='bbox 847 1987 1062 2053; x_wconf 83' lang='lat' dir='ltr'>stabat3</span> <span class='ocrx_word' id='word_1_167' title='bbox 1098 1986 1205 2040; x_wconf 90' lang='lat' dir='ltr'>huc</span> <span class='ocrx_word' id='word_1_168' title='bbox 1242 1987 1480 2056; x_wconf 90' lang='lat' dir='ltr'>impetus</span> <span class='ocrx_word' id='word_1_169' title='bbox 1515 1987 1664 2040; x_wconf 89' lang='lat' dir='ltr'>illam</span> 
     </span>
     <span class='ocr_line' id='line_1_27' title="bbox 242 2060 1627 2130; baseline 0 -14"><span class='ocrx_word' id='word_1_170' title='bbox 242 2060 551 2130; x_wconf 87' lang='lat' dir='ltr'>Detulerat,</span> <span class='ocrx_word' id='word_1_171' title='bbox 588 2063 755 2118; x_wconf 87' lang='lat' dir='ltr'>fixam</span> <span class='ocrx_word' id='word_1_172' title='bbox 790 2067 850 2118; x_wconf 90' lang='lat' dir='ltr'>et</span> <span class='ocrx_word' id='word_1_173' title='bbox 885 2063 1035 2118; x_wconf 85' lang='lat' dir='ltr'>lenta</span> <span class='ocrx_word' id='word_1_174' title='bbox 1071 2064 1130 2116; x_wconf 93' lang='lat' dir='ltr'>in</span> <span class='ocrx_word' id='word_1_175' title='bbox 1166 2063 1351 2116; x_wconf 84' lang='lat' dir='ltr'>radice</span> <span class='ocrx_word' id='word_1_176' title='bbox 1387 2061 1627 2117; x_wconf 87' lang='lat' dir='ltr'>tenebat.</span> 
     </span>
     <span class='ocr_line' id='line_1_28' title="bbox 242 2137 1598 2208; baseline -0.001 -17"><span class='ocrx_word' id='word_1_177' title='bbox 242 2137 508 2193; x_wconf 86' lang='lat' dir='ltr'>Incubuit</span> <span class='ocrx_word' id='word_1_178' title='bbox 540 2139 823 2208; x_wconf 82' lang='lat' dir='ltr'>voluitque</span> <span class='ocrx_word' id='word_1_179' title='bbox 857 2155 1021 2193; x_wconf 88' lang='lat' dir='ltr'>manu</span> <span class='ocrx_word' id='word_1_180' title='bbox 1054 2137 1360 2192; x_wconf 85' lang='lat' dir='ltr'>convellere</span> <span class='ocrx_word' id='word_1_181' title='bbox 1394 2137 1598 2190; x_wconf 87' lang='lat' dir='ltr'>ferrum</span> 
     </span>
     <span class='ocr_line' id='line_1_29' title="bbox 240 2211 1952 2284; baseline -0.002 -17"><span class='ocrx_word' id='word_1_182' title='bbox 240 2214 609 2282; x_wconf 71' lang='lat' dir='ltr'>Dardanides,</span> <span class='ocrx_word' id='word_1_183' title='bbox 636 2215 857 2283; x_wconf 89' lang='lat' dir='ltr'>teloque</span> <span class='ocrx_word' id='word_1_184' title='bbox 886 2215 1057 2284; x_wconf 90' lang='lat' dir='ltr'>sequi,</span> <span class='ocrx_word' id='word_1_185' title='bbox 1083 2229 1247 2283; x_wconf 88' lang='lat' dir='ltr'>quem</span> <span class='ocrx_word' id='word_1_186' title='bbox 1273 2211 1545 2281; x_wconf 89' lang='lat' dir='ltr'>prendere</span> <span class='ocrx_word' id='word_1_187' title='bbox 1569 2227 1732 2266; x_wconf 88' lang='lat' dir='ltr'>cursu</span> <span class='ocrx_word' id='word_1_188' title='bbox 1882 2223 1952 2267; x_wconf 71' lang='lat'>7⁷5</span> 
     </span>
     <span class='ocr_line' id='line_1_30' title="bbox 242 2287 1829 2360; baseline -0.003 -17"><span class='ocrx_word' id='word_1_189' title='bbox 242 2289 373 2343; x_wconf 86' lang='lat' dir='ltr'>Non</span> <span class='ocrx_word' id='word_1_190' title='bbox 406 2294 638 2360; x_wconf 85' lang='lat' dir='ltr'>poterat.</span> <span class='ocrx_word' id='word_1_191' title='bbox 710 2291 848 2346; x_wconf 87' lang='lat' dir='ltr'>Tum</span> <span class='ocrx_word' id='word_1_192' title='bbox 882 2307 1013 2345; x_wconf 82' lang='lat' dir='ltr'>vero</span> <span class='ocrx_word' id='word_1_193' title='bbox 1048 2305 1238 2344; x_wconf 87' lang='lat' dir='ltr'>amens</span> <span class='ocrx_word' id='word_1_194' title='bbox 1270 2287 1564 2342; x_wconf 86' lang='lat' dir='ltr'>formidine</span> <span class='ocrx_word' id='word_1_195' title='bbox 1601 2287 1829 2351; x_wconf 81' lang='lat' dir='ltr'>Turnus,</span> 
     </span>
     <span class='ocr_line' id='line_1_31' title="bbox 238 2361 1949 2436; baseline -0.004 -17"><span class='ocrx_word' id='word_1_196' title='bbox 238 2366 451 2435; x_wconf 85' lang='lat' dir='ltr'>Faune,</span> <span class='ocrx_word' id='word_1_197' title='bbox 485 2383 693 2436; x_wconf 85' lang='lat' dir='ltr'>precor,</span> <span class='ocrx_word' id='word_1_198' title='bbox 730 2367 1008 2432; x_wconf 85' lang='lat' dir='ltr'>miserere,</span> <span class='ocrx_word' id='word_1_199' title='bbox 1045 2365 1228 2435; x_wconf 90' lang='lat' dir='ltr'>inquit</span> <span class='ocrx_word' id='word_1_200' title='bbox 1263 2369 1436 2433; x_wconf 89' lang='lat' dir='ltr'>tuque</span> <span class='ocrx_word' id='word_1_201' title='bbox 1480 2367 1705 2433; x_wconf 88' lang='lat' dir='ltr'>optuma</span> <span class='ocrx_word' id='word_1_202' title='bbox 1747 2361 1949 2415; x_wconf 82' lang='lat' dir='ltr'>ferrum</span> 
     </span>
     <span class='ocr_line' id='line_1_32' title="bbox 236 2440 1638 2511; baseline -0.001 -17"><span class='ocrx_word' id='word_1_203' title='bbox 236 2441 417 2496; x_wconf 78' lang='lat' dir='ltr'>&#39;ren-a</span> <span class='ocrx_word' id='word_1_204' title='bbox 448 2446 591 2507; x_wconf 78' lang='lat' dir='ltr'>tene,</span> <span class='ocrx_word' id='word_1_205' title='bbox 630 2443 768 2497; x_wconf 89' lang='lat' dir='ltr'>colui</span> <span class='ocrx_word' id='word_1_206' title='bbox 803 2446 1017 2497; x_wconf 84' lang='lat' dir='ltr'>vestros</span> <span class='ocrx_word' id='word_1_207' title='bbox 1054 2443 1102 2496; x_wconf 89' lang='lat' dir='ltr'>si</span> <span class='ocrx_word' id='word_1_208' title='bbox 1140 2458 1356 2511; x_wconf 88' lang='lat' dir='ltr'>semper</span> <span class='ocrx_word' id='word_1_209' title='bbox 1390 2440 1638 2506; x_wconf 90' lang='lat' dir='ltr'>honores,</span> 
     </span>
     <span class='ocr_line' id='line_1_33' title="bbox 236 2517 1655 2587; baseline -0.001 -17"><span class='ocrx_word' id='word_1_210' title='bbox 236 2518 396 2583; x_wconf 87' lang='lat' dir='ltr'>Quos</span> <span class='ocrx_word' id='word_1_211' title='bbox 431 2523 623 2575; x_wconf 87' lang='lat' dir='ltr'>contra</span> <span class='ocrx_word' id='word_1_212' title='bbox 658 2519 954 2573; x_wconf 84' lang='lat' dir='ltr'>Aeneadae</span> <span class='ocrx_word' id='word_1_213' title='bbox 988 2517 1136 2572; x_wconf 87' lang='lat' dir='ltr'>bello</span> <span class='ocrx_word' id='word_1_214' title='bbox 1170 2517 1352 2572; x_wconf 87' lang='lat' dir='ltr'>fecere</span> <span class='ocrx_word' id='word_1_215' title='bbox 1386 2517 1655 2587; x_wconf 78' lang='lat' dir='ltr'>profanos,</span> 
     </span>
     <span class='ocr_line' id='line_1_34' title="bbox 237 2591 1956 2663; baseline -0.003 -17"><span class='ocrx_word' id='word_1_216' title='bbox 237 2593 421 2661; x_wconf 81' lang='lat' dir='ltr'>Dixit,</span> <span class='ocrx_word' id='word_1_217' title='bbox 459 2611 728 2663; x_wconf 88' lang='lat' dir='ltr'>opemque</span> <span class='ocrx_word' id='word_1_218' title='bbox 764 2595 852 2648; x_wconf 88' lang='lat' dir='ltr'>dei</span> <span class='ocrx_word' id='word_1_219' title='bbox 889 2611 997 2647; x_wconf 90' lang='lat' dir='ltr'>non</span> <span class='ocrx_word' id='word_1_220' title='bbox 1032 2610 1186 2648; x_wconf 87' lang='lat' dir='ltr'>cassa</span> <span class='ocrx_word' id='word_1_221' title='bbox 1221 2593 1275 2646; x_wconf 88' lang='lat' dir='ltr'>in</span> <span class='ocrx_word' id='word_1_222' title='bbox 1312 2597 1442 2648; x_wconf 80' lang='lat' dir='ltr'>vota</span> <span class='ocrx_word' id='word_1_223' title='bbox 1477 2591 1702 2646; x_wconf 80' lang='lat' dir='ltr'>vocavit.</span> <span class='ocrx_word' id='word_1_224' title='bbox 1886 2601 1956 2643; x_wconf 75' lang='lat'>730</span> 
     </span>
     <span class='ocr_line' id='line_1_35' title="bbox 232 2669 1757 2738; baseline -0.003 -14"><span class='ocrx_word' id='word_1_225' title='bbox 232 2669 500 2738; x_wconf 84' lang='lat' dir='ltr'>Namque</span> <span class='ocrx_word' id='word_1_226' title='bbox 535 2670 632 2724; x_wconf 90' lang='lat' dir='ltr'>diu</span> <span class='ocrx_word' id='word_1_227' title='bbox 665 2673 879 2726; x_wconf 87' lang='lat' dir='ltr'>luctans</span> <span class='ocrx_word' id='word_1_228' title='bbox 913 2671 1173 2738; x_wconf 83' lang='lat' dir='ltr'>lentoque</span> <span class='ocrx_word' id='word_1_229' title='bbox 1209 2670 1266 2724; x_wconf 90' lang='lat' dir='ltr'>in</span> <span class='ocrx_word' id='word_1_230' title='bbox 1303 2670 1478 2738; x_wconf 86' lang='lat' dir='ltr'>stirpe</span> <span class='ocrx_word' id='word_1_231' title='bbox 1513 2670 1757 2722; x_wconf 87' lang='lat' dir='ltr'>moratus</span> 
     </span>
     <span class='ocr_line' id='line_1_36' title="bbox 192 2740 1612 2802; baseline 0 -5"><span class='ocrx_word' id='word_1_232' title='bbox 192 2757 201 2764; x_wconf 85' lang='grc'><em>·</em></span> <span class='ocrx_word' id='word_1_233' title='bbox 234 2740 474 2800; x_wconf 78' lang='lat' dir='ltr'>viribus</span> <span class='ocrx_word' id='word_1_234' title='bbox 507 2746 657 2802; x_wconf 80' lang='lat' dir='ltr'>haud</span> <span class='ocrx_word' id='word_1_235' title='bbox 689 2747 815 2801; x_wconf 88' lang='lat' dir='ltr'>ullis</span> <span class='ocrx_word' id='word_1_236' title='bbox 849 2747 1019 2801; x_wconf 80' lang='lat' dir='ltr'>valuit</span> <span class='ocrx_word' id='word_1_237' title='bbox 1056 2746 1365 2800; x_wconf 88' lang='lat' dir='ltr'>discludere</span> <span class='ocrx_word' id='word_1_238' title='bbox 1399 2760 1612 2799; x_wconf 87' lang='lat' dir='ltr'>morsus</span> 
     </span>
     <span class='ocr_line' id='line_1_37' title="bbox 230 2820 1678 2886; baseline -0.001 -10"><span class='ocrx_word' id='word_1_239' title='bbox 230 2821 482 2876; x_wconf 87' lang='lat' dir='ltr'>Roboris</span> <span class='ocrx_word' id='word_1_240' title='bbox 520 2824 752 2878; x_wconf 85' lang='lat' dir='ltr'>Aeneas.</span> <span class='ocrx_word' id='word_1_241' title='bbox 823 2823 969 2876; x_wconf 88' lang='lat' dir='ltr'>Dum</span> <span class='ocrx_word' id='word_1_242' title='bbox 1003 2823 1202 2877; x_wconf 86' lang='lat' dir='ltr'>nititur</span> <span class='ocrx_word' id='word_1_243' title='bbox 1237 2838 1365 2876; x_wconf 88' lang='lat' dir='ltr'>acer</span> <span class='ocrx_word' id='word_1_244' title='bbox 1399 2825 1458 2876; x_wconf 91' lang='lat' dir='ltr'>et</span> <span class='ocrx_word' id='word_1_245' title='bbox 1493 2820 1678 2886; x_wconf 87' lang='lat' dir='ltr'>instat,</span> 
     </span>
     <span class='ocr_line' id='line_1_38' title="bbox 231 2897 1545 2968; baseline -0.002 -16"><span class='ocrx_word' id='word_1_246' title='bbox 231 2897 462 2952; x_wconf 86' lang='lat' dir='ltr'>Rursus</span> <span class='ocrx_word' id='word_1_247' title='bbox 497 2899 554 2952; x_wconf 89' lang='lat' dir='ltr'>in</span> <span class='ocrx_word' id='word_1_248' title='bbox 590 2900 811 2968; x_wconf 79' lang='lat' dir='ltr'>aurigae</span> <span class='ocrx_word' id='word_1_249' title='bbox 845 2900 1039 2954; x_wconf 85' lang='lat' dir='ltr'>faciem</span> <span class='ocrx_word' id='word_1_250' title='bbox 1074 2903 1288 2953; x_wconf 86' lang='lat' dir='ltr'>mutata</span> <span class='ocrx_word' id='word_1_251' title='bbox 1326 2897 1545 2953; x_wconf 87' lang='lat' dir='ltr'>Metisci</span> 
     </span>
     <span class='ocr_line' id='line_1_39' title="bbox 224 2971 1945 3044; baseline -0.003 -14"><span class='ocrx_word' id='word_1_252' title='bbox 224 2973 529 3030; x_wconf 85' lang='lat' dir='ltr'>-Procurrit</span> <span class='ocrx_word' id='word_1_253' title='bbox 564 2976 831 3044; x_wconf 84' lang='lat' dir='ltr'>fratrique</span> <span class='ocrx_word' id='word_1_254' title='bbox 869 2992 1053 3029; x_wconf 89' lang='lat' dir='ltr'>ensem</span> <span class='ocrx_word' id='word_1_255' title='bbox 1092 2975 1197 3027; x_wconf 88' lang='lat' dir='ltr'>dea</span> <span class='ocrx_word' id='word_1_256' title='bbox 1235 2974 1450 3027; x_wconf 88' lang='lat' dir='ltr'>Daunia.</span> <span class='ocrx_word' id='word_1_257' title='bbox 1483 2971 1680 3026; x_wconf 82' lang='lat' dir='ltr'>reddit.</span> <span class='ocrx_word' id='word_1_258' title='bbox 1871 2971 1945 3016; x_wconf 81' lang='lat'>⁷8¹</span> 
     </span>
     <span class='ocr_line' id='line_1_40' title="bbox 228 3046 1722 3118; baseline -0.003 -16"><span class='ocrx_word' id='word_1_259' title='bbox 228 3049 411 3114; x_wconf 82' lang='lat' dir='ltr'>Quod</span> <span class='ocrx_word' id='word_1_260' title='bbox 448 3050 638 3104; x_wconf 87' lang='lat' dir='ltr'>Venus</span> <span class='ocrx_word' id='word_1_261' title='bbox 672 3051 866 3104; x_wconf 86' lang='lat' dir='ltr'>audaci</span> <span class='ocrx_word' id='word_1_262' title='bbox 902 3050 1187 3118; x_wconf 82' lang='lat' dir='ltr'>Nymphae</span> <span class='ocrx_word' id='word_1_263' title='bbox 1223 3048 1508 3116; x_wconf 82' lang='lat' dir='ltr'>indignata.</span> <span class='ocrx_word' id='word_1_264' title='bbox 1541 3046 1722 3111; x_wconf 83' lang='lat' dir='ltr'>licere,</span> 
     </span>
     <span class='ocr_line' id='line_1_41' title="bbox 236 3120 1572 3202; baseline -0.003 -23"><span class='ocrx_word' id='word_1_265' title='bbox 236 3125 513 3190; x_wconf 75' lang='lat' dir='ltr'>Accessit,</span> <span class='ocrx_word' id='word_1_266' title='bbox 549 3126 833 3202; x_wconf 80' lang='lat' dir='ltr'>telumque</span> <span class='ocrx_word' id='word_1_267' title='bbox 866 3125 981 3178; x_wconf 82' lang='lat' dir='ltr'>alta</span> <span class='ocrx_word' id='word_1_268' title='bbox 1016 3125 1088 3176; x_wconf 90' lang='lat' dir='ltr'>ab</span> <span class='ocrx_word' id='word_1_269' title='bbox 1124 3122 1308 3176; x_wconf 88' lang='lat' dir='ltr'>radice</span> <span class='ocrx_word' id='word_1_270' title='bbox 1343 3120 1572 3175; x_wconf 84' lang='lat' dir='ltr'>revellit.</span> 
     </span>
    </p>
   </div>
  </div>
 </body>
</html>
