2163 3401
780 68 1145 119 AENEIDOS
1180 71 1322 121 LIB.
1360 71 1464 119 111.
1890 74 1981 120 125

332 152 492 219 Inde,
533 151 629 205 ubi
666 151 846 219 prima
881 151 1022 205 fides
1056 151 1270 221 pelage,
1306 151 1631 221 placataque
1667 152 1818 207 venti

256 228 411 283 Dant
432 228 606 282 maria
628 232 688 281 et
711 227 850 281 lenis
873 227 1151 296 crepitans
1174 231 1333 281 vocat
1355 232 1543 282 auster
1564 228 1623 282 in
1646 228 1835 296 altum,
1935 240 1984 286 ⁷0

257 304 558 358 Deducunt
585 303 723 358 socii
762 303 914 357 navis
951 306 1009 357 et
1043 303 1209 357 litora
1244 304 1515 372 conplent.

259 380 624 433 Provehimur
657 382 840 448 portu,
877 382 1171 448 terraeque
1206 378 1482 449 urbesque
1517 380 1797 435 recedunt.

257 456 426 511 Sacra
458 455 598 508 mari
634 454 834 519 colitur
869 454 1052 508 medio
1087 454 1402 522 gratissima
1436 456 1603 510 tellus

256 531 564 585 Nereidum
600 530 764 584 matri
802 534 860 583 et
897 529 1157 598 Neptuno
1197 532 1437 599 Aegan,

257 609 437 673 Quam
473 607 598 676 pius
635 606 966 660 Arcitenens
1003 623 1127 660 oras
1153 609 1225 659 ·et
1259 606 1419 663 litora
1453 609 1657 663 circum
1932 622 1981 664 75

255 682 554 737 Errantem
592 682 822 751 Mycono
858 699 890 736 e
929 682 1075 736 celsa
1112 682 1402 752 Gyaroque
1437 685 1691 748 revinxit,

255 756 647 827 Inmotamque
681 758 786 811 coli
822 758 982 812 dedit
1019 762 1077 813 et
1115 762 1463 815 contemnere
1500 765 1707 815 ventos.

261 834 390 889 Huc
423 834 600 899 ferm-3
636 834 770 888 haec
806 835 976 889 fessos
1012 838 1137 888 tuto
1174 834 1541 903 placidissima
1575 843 1739 905 portu

256 910 494 979 Accipit.
569 911 790 978 Egressi
828 927 1154 965 veneramur
1191 912 1462 980 Apollinis
1497 912 1704 967 urbem.

256 986 385 1041 Rex
411 986 602 1054 Anius,
627 1004 726 1040 rex
753 986 900 1041 idem
926 987 1203 1041 hominum
1233 986 1551 1057 Phoebique
1574 990 1843 1057 sacerdos,
1930 1005 1981 1045 8⁰

251 1060 434 1117 Vittis
469 1067 527 1117 et
562 1079 717 1117 sacra
752 1062 1039 1118 redimitus
1074 1067 1327 1133 tempora
1360 1063 1529 1133 lauro,

256 1138 542 1204 Occurrit3
577 1142 821 1193 veterem
862 1138 1139 1193 Anchisen
1176 1139 1463 1208 adgnoscit
1497 1141 1747 1197 amicum.

256 1215 548 1283 Iungimus
583 1215 821 1284 hospitio
857 1216 1099 1281 dextras,
1136 1221 1196 1271 et
1231 1219 1381 1271 tecta
1416 1216 1674 1271 subimus„

328 1292 556 1360 Templa
592 1291 683 1346 dei
720 1308 850 1346 saxo
887 1292 1189 1347 venerabar
1224 1297 1436 1349 structa
1472 1298 1718 1348 vetusto:

253 1368 349 1422 Da
376 1369 668 1436 propriam,
696 1367 1050 1435 Thymbraee,
1075 1368 1329 1435 domum3
1355 1369 1426 1424 da
1449 1370 1663 1423 moenia
1684 1370 1843 1423 fessis
1927 1382 1977 1423 85

254 1445 335 1498 Et
371 1460 543 1512 genus
579 1448 637 1497 ct
673 1460 983 1498 mansuram
1020 1444 1244 1510 urbem3
1280 1461 1435 1499 serva
1470 1446 1645 1499 altera
1680 1444 1873 1499 Troiae

255 1521 546 1587 Pergama,
583 1519 841 1588 reliquias
879 1520 1131 1574 Danaum
1169 1524 1337 1589 atque
1376 1520 1583 1574 inmitis
1620 1519 1837 1573 Achilli.

255 1597 438 1661 Quem
475 1595 787 1663 sequimur?
825 1612 1002 1665 quove
1035 1596 1120 1649 ire
1156 1596 1349 1650 iubes?
1385 1596 1478 1649 ubi
1512 1612 1715 1666 ponere
1749 1595 1941 1649 sedes?

254 1672 364 1740 Da,
399 1676 571 1742 pater,
607 1671 910 1742 augurium,
948 1676 1118 1742 atque
1156 1672 1351 1740 animis
1387 1672 1631 1729 inlabere
1666 1672 1882 1727 nostris,

327 1749 441 1802 Vix
468 1766 534 1803 ea
556 1751 702 1803 fatus
727 1767 902 1804 eram:
938 1754 1179 1818 tremere
1209 1751 1389 1805 omnia
1414 1751 1529 1805 visa
1552 1755 1790 1820 repente,
1928 1764 1979 1803 oo

254 1825 582 1895 Liminaque
617 1826 909 1894 laurusque
947 1826 1048 1892 dei,
1086 1829 1349 1896 totusque
1383 1829 1589 1882 moveri

254 1902 422 1955 Mons
456 1901 672 1964 circum,
709 1905 768 1956 et
803 1903 1016 1970 mugire
1051 1901 1233 1970 adytis
1271 1904 1481 1958 cortina
1517 1904 1753 1960 reclusis,

254 1976 528 2032 Submissi
564 1977 802 2046 petimus
838 1981 1057 2044 terram,
1096 1982 1155 2032 et
1190 1995 1295 2033 vox
1332 1979 1509 2034 fertur
1541 1981 1615 2035 ad
1649 1982 1823 2038 auris:

254 2051 613 2107 Dardanidae
650 2052 791 2122 duri,
826 2070 966 2122 quae
1000 2071 1098 2109 vos
1133 2070 1167 2107 a
1202 2056 1373 2124 stirpe
1408 2062 1697 2126 parentum

254 2129 448 2183 Prima
481 2128 612 2182 tulit
649 2130 825 2197 tellus,
865 2131 1059 2186 eadem
1096 2148 1192 2185 vos
1225 2131 1397 2186 ubero
1432 2131 1581 2186 laeto
1926 2150 1976 2190 95

257 2205 515 2273 Accipiet
550 2205 794 2260 reduces.
865 2208 1170 2277 Antiquam
1206 2207 1479 2274 exquirite
1512 2212 1759 2264 matrem.

257 2283 372 2336 Hic
407 2281 604 2336 domus
641 2284 866 2337 Aeneae
901 2284 1110 2337 cunctis
1148 2282 1517 2338 dominabitur
1552 2285 1675 2353 oriS,

257 2359 334 2411 Et
370 2359 484 2413 nati
521 2362 790 2426 natorum,
828 2365 888 2414 et
924 2361 1017 2430 qui
1059 2363 1354 2415 nascentur
1388 2359 1459 2414 ab
1494 2359 1615 2414 illis.

259 2434 418 2488 Haec
457 2433 736 2502 Phoebus;
771 2437 1051 2507 mixtoque
1087 2438 1279 2506 ingens
1314 2440 1505 2492 exorta
1541 2439 1781 2492 tumultu

258 2510 512 2574 Laetitia,
536 2514 595 2565 et
618 2512 816 2576 cuncti,
841 2530 982 2583 quae
1008 2515 1120 2570 sint
1144 2532 1209 2569 ea
1233 2514 1460 2581 moenia,
1483 2519 1768 2583 quaerunt,
1905 2529 1977 2568 1⁰0

258 2587 384 2651 Quo
423 2585 674 2656 Phoebus
711 2594 870 2644 vocet
907 2592 1143 2646 errantis
1182 2591 1479 2656 iubeatque
1514 2589 1751 2644 reverti?
1791 2593 1828 2646 :³

257 2663 399 2716 Tum
433 2662 666 2730 genitor,
703 2670 950 2722 veterum
989 2668 1212 2722 volvens
1248 2671 1601 2722 monumenta
1636 2665 1889 2737 virorum,

261 2737 488 2800 Audite,
526 2755 558 2792 0
593 2756 862 2812 proceres,
897 2745 990 2811 ait,
1029 2750 1089 2799 et
1126 2763 1251 2815 spes
1289 2743 1483 2796 discite
1517 2744 1755 2797 vestras:

259 2813 429 2868 Creta
468 2815 614 2870 Iovis
648 2821 832 2887 magni
867 2821 1049 2875 medio
1084 2823 1227 2877 iacet
1261 2820 1439 2874 insula
1472 2823 1667 2889 pont03

258 2888 424 2944 Mons
463 2890 664 2948 Idaeus
699 2895 812 2963 ubi,
848 2901 909 2951 et
942 2899 1123 2966 gentis
1160 2897 1429 2952 cunabula
1463 2900 1697 2951 nostrae.
1904 2909 1979 2949 10⁶

259 2964 499 3020 Centum
534 2968 698 3025 urbes
734 2970 989 3026 habitant
1024 2991 1263 3041 magnas,
1298 2973 1572 3028 uberrima
1605 2986 1804 3038 regna3

257 3040 556 3100 Maxumus
591 3047 740 3102 unde
776 3053 952 3118 pater,
989 3050 1034 3104 si
1071 3050 1180 3102 rite
1215 3049 1405 3102 audita
1438 3045 1713 3109 recordor,

258 3117 505 3174 Teucrus
546 3119 824 3200 Rhoeteas
858 3125 1094 3194 primum
1133 3127 1219 3179 est
1253 3123 1515 3178 advectus
1548 3119 1619 3173 ad
1656 3132 1791 3180 oras,
