2163 3401
817 78 1189 129 AENEIDOS
1222 80 1361 130 LIB.
1397 80 1499 130 IV.
1914 78 2009 131 145

295 158 408 214 Sed
443 158 574 213 fatis
609 158 820 212 incerta
853 158 1016 225 feror,
1053 158 1103 213 si
1140 159 1400 229 Iuppiter
1430 177 1595 214 unam
1943 175 2015 215 no

293 235 430 289 Esse
465 234 603 289 velit
639 234 814 303 Tyriis
846 236 1042 288 urbem
1078 235 1350 304 Troiaque
1386 235 1666 304 profectis,

291 309 588 365 Miscerive
621 310 819 379 probet
853 312 1098 379 populos,
1132 315 1229 366 aut
1264 312 1489 365 foedera
1522 311 1715 380 iungi‘

291 386 374 440 Tu
410 387 676 452 coniunx3
709 386 812 439 tibi
847 387 931 440 fas
963 388 1205 441 animum
1241 391 1517 457 temptare
1550 388 1839 457 precando.

291 462 501 531 Perge;
539 478 752 531 sequar.
827 462 964 516 Tum
1001 464 1078 517 sic
1116 464 1335 533 excepit
1370 464 1523 533 regia
1561 465 1727 518 Iuno:

290 538 514 593 Mecum
539 538 648 592 erit
669 537 778 591 iste
801 537 974 593 labor.
1047 539 1208 592 Nunc
1244 556 1356 609 qua
1390 540 1616 607 ratione,
1640 540 1793 609 quod
1824 539 2011 604 instat,

291 614 535 669 Confieri
567 615 754 683 possit,
788 614 992 684 paucis,
1027 616 1272 683 adverte,
1312 616 1533 671 docebo.
1941 631 2015 671 ue

289 691 576 745 Venatum
613 691 834 745 Aeneas
869 707 1091 760 unaque
1126 693 1433 746 miserrima
1470 693 1615 747 Dido

289 766 361 821 In
396 784 592 821 nemus
625 768 708 820 ire
743 771 957 835 parant,
991 767 1090 821 ubi
1126 768 1329 836 primos
1366 769 1637 822 crastinus
1670 771 1827 823 ortus

288 844 572 898 Extulerit
607 842 770 897 Titan
805 844 1091 913 radiisque
1126 845 1397 899 retexerit
1432 844 1635 899 orbem.

290 920 402 975 His
438 936 544 988 ego
577 920 887 989 nigrantem
923 921 1221 975 commixta
1254 921 1523 990 grandine
1557 921 1816 987 nimbum,
1950 936 2017 977 m

288 998 441 1052 Dum
478 997 764 1066 trepidant
797 998 932 1066 alae,
969 997 1255 1068 saltusque
1288 997 1550 1065 indagine
1584 997 1827 1065 cingunt,

290 1075 549 1144 Desuper
581 1074 881 1143 infundam,
919 1078 978 1129 et
1012 1075 1227 1129 tonitru
1262 1074 1473 1129 caelum
1510 1091 1669 1129 omne
1702 1074 1872 1129 ciebo·

288 1150 601 1219 Diffugient
635 1152 862 1205 comites
898 1155 958 1206 et
991 1156 1153 1205 nocte
1187 1154 1447 1219 tegentur
1482 1168 1675 1221 opaca:

289 1227 622 1296 Speluncam
659 1226 804 1281 Dido
841 1226 956 1281 dux
992 1231 1052 1282 et
1089 1227 1352 1280 Troianus
1392 1228 1623 1283 eandem

289 1304 616 1357 Devenient.
691 1304 898 1370 Adero,
923 1314 996 1370 et,
1019 1316 1119 1358 tua
1141 1302 1187 1355 si
1211 1303 1345 1355 mihi
1370 1308 1523 1359 certa
1545 1304 1811 1371 voluntas,
1940 1316 2013 1357 125

290 1379 578 1435 Connubio
611 1380 832 1448 iungam
869 1379 1054 1433 stabili
1089 1379 1475 1449 propriamque
1509 1380 1715 1433 dicabo,

289 1456 403 1511 Hic
439 1456 770 1526 hymenaeus
806 1456 1121 1510 erit—Non
1155 1455 1449 1510 adversata
1484 1456 1697 1524 petenti

290 1532 527 1600 Adnuit,
563 1535 732 1600 atque
769 1531 910 1585 dolis
946 1531 1071 1585 risit
1109 1531 1383 1600 Cytherea
1417 1532 1668 1599 repertis.

369 1608 648 1663 Oceanum
682 1609 896 1661 interea
932 1624 1162 1674 surgens
1202 1609 1425 1661 Aurora
1458 1606 1695 1675 reliquit.

291 1686 352 1740 It
390 1685 568 1755 portis
599 1684 792 1739 iubare
829 1687 1022 1738 exorto
1059 1684 1277 1739 delecta
1310 1682 1594 1749 inventum
1942 1700 2011 1740 1³⁰

294 1762 464 1816 Retia
499 1777 638 1828 rara,
675 1760 888 1829 plagae,
924 1761 1040 1814 lato
1075 1761 1345 1816 venabula
1380 1761 1539 1822 ferro,

292 1837 630 1907 Massylique
665 1844 836 1894 ruunt
869 1839 1087 1908 equites
1123 1841 1181 1892 et
1216 1837 1385 1892 odora
1420 1855 1614 1892 canum
1649 1838 1745 1892 vis.

293 1915 564 1983 Reginam
601 1914 838 1969 thalamo
875 1917 1225 1969 cunctantem
1262 1914 1335 1968 ad
1368 1914 1557 1967 limina
1591 1914 1753 1983 primi

292 1991 602 2046 Poenorum
639 1985 978 2060 exspectant,
1016 1995 1277 2060 ostroque
1311 1990 1541 2060 insignis
1577 1996 1636 2045 et
1671 2007 1803 2044 auro

289 2068 420 2122 Stat
457 2069 674 2136 sonipes
709 2084 772 2121 ac
807 2068 964 2121 frena
999 2067 1159 2120 ferox
1193 2069 1503 2136 spumantia
1538 2067 1766 2121 mandIt.
1940 2081 2011 2120 1³5

290 2143 540 2197 Tandem
576 2145 930 2213 progreditur
963 2161 1163 2212 magna
1199 2144 1441 2213 stipante
1476 2148 1711 2211 caterva,

289 2219 575 2274 Sidoniam
609 2221 756 2288 picto
791 2220 1133 2288 chlamydem
1170 2220 1506 2273 circumdata
1540 2218 1726 2272 limbo,

290 2296 398 2351 Oui
432 2295 696 2366 pharetra
730 2313 800 2350 ex
836 2313 984 2361 auro,
1023 2297 1200 2349 crines
1236 2295 1512 2348 nodantur
1545 2293 1602 2347 in
1637 2310 1845 2362 aurum,

293 2375 488 2427 Aurea
521 2389 852 2442 purpuream
889 2371 1169 2426 subnectit
1205 2372 1374 2426 fibula
1411 2375 1702 2430 vestem.0

293 2449 413 2503 Nec
447 2465 556 2502 non
593 2455 670 2502 et·
690 2449 912 2518 Phrygii
947 2449 1177 2503 comites
1213 2453 1270 2502 et
1306 2449 1483 2503 laetus
1522 2447 1676 2501 Iulus
1940 2462 2013 2501 14⁰

295 2525 586 2580 Incedunt.
662 2526 790 2594 Ipse
826 2530 958 2579 ante
993 2525 1129 2579 alios
1162 2524 1564 2596 pulcherrimus
1599 2523 1769 2576 omnis

295 2601 478 2655 Infert
514 2618 574 2654 se
609 2603 810 2656 socium
849 2605 1068 2656 Aeneas
1105 2605 1273 2670 atquc
1308 2600 1527 2668 agmina
1562 2599 1752 2666 iungit.

294 2677 486 2742 Qualis
520 2676 615 2730 ubi
651 2678 936 2732 hibernam
973 2678 1197 2747 Lyciam
1230 2676 1553 2744 Xanthique
1589 2675 1796 2729 fluenta

295 2753 520 2808 Deserit
555 2770 618 2808 ac
657 2755 856 2809 Delum
892 2758 1197 2810 maternam
1233 2753 1420 2807 invisit
1460 2751 1657 2821 Apollo

295 2830 690 2900 Instauratque
727 2831 935 2897 choros,
970 2833 1241 2901 mixtique
1276 2830 1473 2884 altaria
1509 2829 1708 2882 circum
1938 2840 2013 2882 145

294 2905 602 2974 Cretesque
640 2908 996 2976 Dryopesque
1030 2909 1272 2961 fremunt
1307 2907 1555 2976 pictique
1598 2903 1893 2972 Agathyrsi
1903 2924 1919 2967 3

295 2981 430 3051 Ipse
463 2983 606 3051 iugis
643 2984 845 3051 Cynthi
880 2981 1147 3051 graditur,
1182 2984 1442 3051 mollique
1477 2982 1736 3035 fluentem

303 3057 521 3112 Fronde
556 3060 758 3128 premit
794 3061 998 3113 crinem
1033 3059 1245 3125 fingens
1280 3062 1448 3126 atque
1485 3055 1713 3123 inplicat
1748 3066 1897 3113 auro,

295 3134 433 3188 Tela
467 3138 663 3190 sonant
698 3134 969 3190 humeris:
1002 3133 1153 3186 haud
1186 3133 1281 3186 illo
1316 3131 1533 3199 segnior
1565 3127 1684 3182 ibat
