<?xml version="1.0" encoding="UTF-8"?>
<!DOCTYPE html PUBLIC "-//W3C//DTD XHTML 1.0 Transitional//EN"
    "http://www.w3.org/TR/xhtml1/DTD/xhtml1-transitional.dtd">
<html xmlns="http://www.w3.org/1999/xhtml" xml:lang="en" lang="en">
 <head>
  <title>
</title>
<meta http-equiv="Content-Type" content="text/html;charset=utf-8" />
  <meta name='ocr-system' content='tesseract 3.04.00' />
  <meta name='ocr-capabilities' content='ocr_page ocr_carea ocr_par ocr_line ocrx_word'/>
</head>
<body>
  <div class='ocr_page' id='page_1' title='image "./operaexrecensio04virggoog/operaexrecensio04virggoog_0240.png"; bbox 0 0 2163 3401; ppageno 0'>
   <div class='ocr_carea' id='block_1_1' title="bbox 133 66 1869 2506">
    <p class='ocr_par' dir='ltr' id='par_1_1' title="bbox 151 66 1381 129">
     <span class='ocr_line' id='line_1_1' title="bbox 151 66 1381 129; baseline -0.003 -8"><span class='ocrx_word' id='word_1_1' title='bbox 151 72 246 121; x_wconf 70' lang='lat'><strong>22⁶</strong></span> <span class='ocrx_word' id='word_1_2' title='bbox 659 67 1025 125; x_wconf 63' lang='lat' dir='ltr'><strong>AENEwos</strong></span> <span class='ocrx_word' id='word_1_3' title='bbox 1061 67 1203 129; x_wconf 58' lang='lat' dir='ltr'>121ss.</span> <span class='ocrx_word' id='word_1_4' title='bbox 1252 66 1381 117; x_wconf 79' lang='lat' dir='ltr'><strong>vss.</strong></span> 
     </span>
    </p>

    <p class='ocr_par' dir='ltr' id='par_1_2' title="bbox 148 146 1514 216">
     <span class='ocr_line' id='line_1_2' title="bbox 148 146 1514 216; baseline -0.003 -13"><span class='ocrx_word' id='word_1_5' title='bbox 148 148 411 216; x_wconf 77' lang='lat' dir='ltr'><strong>Sustinet,</strong></span> <span class='ocrx_word' id='word_1_6' title='bbox 452 149 731 213; x_wconf 76' lang='lat' dir='ltr'><strong>Aetnaeos</strong></span> <span class='ocrx_word' id='word_1_7' title='bbox 767 147 1041 203; x_wconf 87' lang='lat' dir='ltr'><strong>efflantem</strong></span> <span class='ocrx_word' id='word_1_8' title='bbox 1076 146 1325 202; x_wconf 86' lang='lat' dir='ltr'><strong>faucibus</strong></span> <span class='ocrx_word' id='word_1_9' title='bbox 1360 146 1514 215; x_wconf 85' lang='lat' dir='ltr'><strong>ignis,</strong></span> 
     </span>
    </p>

    <p class='ocr_par' dir='ltr' id='par_1_3' title="bbox 146 221 1764 369">
     <span class='ocr_line' id='line_1_3' title="bbox 148 221 1764 293; baseline -0.001 -14"><span class='ocrx_word' id='word_1_10' title='bbox 148 225 279 279; x_wconf 84' lang='lat' dir='ltr'><strong>Tam</strong></span> <span class='ocrx_word' id='word_1_11' title='bbox 316 225 489 293; x_wconf 80' lang='lat' dir='ltr'><strong>magis</strong></span> <span class='ocrx_word' id='word_1_12' title='bbox 524 225 617 277; x_wconf 81' lang='lat' dir='ltr'><strong>illa</strong></span> <span class='ocrx_word' id='word_1_13' title='bbox 650 224 891 277; x_wconf 83' lang='lat' dir='ltr'><strong>fremens</strong></span> <span class='ocrx_word' id='word_1_14' title='bbox 928 228 987 277; x_wconf 89' lang='lat' dir='ltr'><strong>et</strong></span> <span class='ocrx_word' id='word_1_15' title='bbox 1022 224 1276 278; x_wconf 89' lang='lat' dir='ltr'><strong>tristibus</strong></span> <span class='ocrx_word' id='word_1_16' title='bbox 1313 223 1480 277; x_wconf 68' lang='lat' dir='ltr'><strong>effera</strong></span> <span class='ocrx_word' id='word_1_17' title='bbox 1513 221 1764 291; x_wconf 84' lang='lat' dir='ltr'><strong>flammis,</strong></span> 
     </span>
     <span class='ocr_line' id='line_1_4' title="bbox 146 299 1668 369; baseline 0 -15"><span class='ocrx_word' id='word_1_18' title='bbox 146 302 319 366; x_wconf 84' lang='lat' dir='ltr'><strong>Quam</strong></span> <span class='ocrx_word' id='word_1_19' title='bbox 357 301 529 369; x_wconf 84' lang='lat' dir='ltr'><strong>magis</strong></span> <span class='ocrx_word' id='word_1_20' title='bbox 566 300 737 354; x_wconf 87' lang='lat' dir='ltr'><strong>effuso</strong></span> <span class='ocrx_word' id='word_1_21' title='bbox 772 299 1107 356; x_wconf 84' lang='lat' dir='ltr'><strong>crudescunt</strong></span> <span class='ocrx_word' id='word_1_22' title='bbox 1141 299 1406 367; x_wconf 82' lang='lat' dir='ltr'><strong>sanguine</strong></span> <span class='ocrx_word' id='word_1_23' title='bbox 1441 315 1668 369; x_wconf 79' lang='lat' dir='ltr'><strong>pugnae.</strong></span> 
     </span>
    </p>

    <p class='ocr_par' dir='ltr' id='par_1_4' title="bbox 145 376 1372 444">
     <span class='ocr_line' id='line_1_5' title="bbox 145 376 1372 444; baseline -0.002 -13"><span class='ocrx_word' id='word_1_24' title='bbox 145 379 228 431; x_wconf 88' lang='lat' dir='ltr'><strong>At</strong></span> <span class='ocrx_word' id='word_1_25' title='bbox 263 378 441 432; x_wconf 80' lang='lat' dir='ltr'><strong>levem</strong></span> <span class='ocrx_word' id='word_1_26' title='bbox 477 378 711 444; x_wconf 85' lang='lat' dir='ltr'><strong>clipeum</strong></span> <span class='ocrx_word' id='word_1_27' title='bbox 748 376 977 429; x_wconf 78' lang='lat' dir='ltr'><strong>sublati-1</strong></span> <span class='ocrx_word' id='word_1_28' title='bbox 1014 376 1270 430; x_wconf 85' lang='lat' dir='ltr'><strong>cornibus</strong></span> <span class='ocrx_word' id='word_1_29' title='bbox 1307 376 1372 429; x_wconf 92' lang='lat' dir='ltr'><strong>Io</strong></span> 
     </span>
    </p>

    <p class='ocr_par' dir='ltr' id='par_1_5' title="bbox 142 452 1869 753">
     <span class='ocr_line' id='line_1_6' title="bbox 145 452 1869 525; baseline 0.001 -17"><span class='ocrx_word' id='word_1_30' title='bbox 145 456 300 508; x_wconf 83' lang='lat' dir='ltr'><strong>Auro</strong></span> <span class='ocrx_word' id='word_1_31' title='bbox 335 453 644 525; x_wconf 73' lang='lat' dir='ltr'><strong>insignibat,</strong></span> <span class='ocrx_word' id='word_1_32' title='bbox 694 453 804 507; x_wconf 88' lang='lat' dir='ltr'><strong>iam</strong></span> <span class='ocrx_word' id='word_1_33' title='bbox 841 454 1009 507; x_wconf 86' lang='lat' dir='ltr'><strong>saetis</strong></span> <span class='ocrx_word' id='word_1_34' title='bbox 1046 452 1242 521; x_wconf 85' lang='lat' dir='ltr'><strong>obsita,</strong></span> <span class='ocrx_word' id='word_1_35' title='bbox 1275 452 1384 507; x_wconf 84' lang='lat' dir='ltr'><strong>iam</strong></span> <span class='ocrx_word' id='word_1_36' title='bbox 1419 453 1532 518; x_wconf 54' lang='lat' dir='ltr'><strong>boa</strong></span> <span class='ocrx_word' id='word_1_37' title='bbox 1781 467 1869 509; x_wconf 70' lang='lat' dir='ltr'><strong>we</strong></span> 
     </span>
     <span class='ocr_line' id='line_1_7' title="bbox 144 529 1608 598; baseline -0.001 -15"><span class='ocrx_word' id='word_1_38' title='bbox 144 533 551 598; x_wconf 84' lang='lat' dir='ltr'><strong>Argumentum</strong></span> <span class='ocrx_word' id='word_1_39' title='bbox 584 530 791 597; x_wconf 72' lang='lat' dir='ltr'><strong>iugem,</strong></span> <span class='ocrx_word' id='word_1_40' title='bbox 824 533 887 583; x_wconf 89' lang='lat' dir='ltr'><strong>et</strong></span> <span class='ocrx_word' id='word_1_41' title='bbox 920 532 1106 583; x_wconf 88' lang='lat' dir='ltr'><strong>custos</strong></span> <span class='ocrx_word' id='word_1_42' title='bbox 1143 529 1370 597; x_wconf 85' lang='lat' dir='ltr'><strong>virginis</strong></span> <span class='ocrx_word' id='word_1_43' title='bbox 1408 530 1608 597; x_wconf 83' lang='lat' dir='ltr'>Argus,</span> 
     </span>
     <span class='ocr_line' id='line_1_8' title="bbox 143 605 1644 676; baseline -0.001 -15"><span class='ocrx_word' id='word_1_44' title='bbox 143 607 479 676; x_wconf 79' lang='lat' dir='ltr'><strong>Caelataque</strong></span> <span class='ocrx_word' id='word_1_45' title='bbox 514 622 728 664; x_wconf 85' lang='lat' dir='ltr'><strong>amnem</strong></span> <span class='ocrx_word' id='word_1_46' title='bbox 762 606 997 661; x_wconf 86' lang='lat' dir='ltr'><strong>fundens</strong></span> <span class='ocrx_word' id='word_1_47' title='bbox 1014 609 1192 675; x_wconf 85' lang='lat' dir='ltr'><strong>-pater</strong></span> <span class='ocrx_word' id='word_1_48' title='bbox 1229 605 1462 659; x_wconf 82' lang='lat' dir='ltr'>Inachus</span> <span class='ocrx_word' id='word_1_49' title='bbox 1496 622 1644 661; x_wconf 88' lang='lat' dir='ltr'><strong>urna.</strong></span> 
     </span>
     <span class='ocr_line' id='line_1_9' title="bbox 142 682 1559 753; baseline 0 -18"><span class='ocrx_word' id='word_1_50' title='bbox 142 682 462 753; x_wconf 76' lang='lat' dir='ltr'><strong>Insequitur</strong></span> <span class='ocrx_word' id='word_1_51' title='bbox 494 682 713 738; x_wconf 84' lang='lat' dir='ltr'>nimbus</span> <span class='ocrx_word' id='word_1_52' title='bbox 746 682 1011 751; x_wconf 87' lang='lat' dir='ltr'><strong>peditum,</strong></span> <span class='ocrx_word' id='word_1_53' title='bbox 1048 682 1392 751; x_wconf 85' lang='lat' dir='ltr'><strong>clipeataque</strong></span> <span class='ocrx_word' id='word_1_54' title='bbox 1426 682 1559 736; x_wconf 87' lang='lat' dir='ltr'><strong>totis</strong></span> 
     </span>
    </p>

    <p class='ocr_par' dir='ltr' id='par_1_6' title="bbox 140 757 1862 980">
     <span class='ocr_line' id='line_1_10' title="bbox 142 757 1541 828; baseline 0.001 -16"><span class='ocrx_word' id='word_1_55' title='bbox 142 760 381 827; x_wconf 79' lang='lat' dir='ltr'>Agmina</span> <span class='ocrx_word' id='word_1_56' title='bbox 416 759 717 819; x_wconf 77' lang='lat' dir='ltr'><strong>densentur</strong></span> <span class='ocrx_word' id='word_1_57' title='bbox 752 759 973 827; x_wconf 61' lang='lat' dir='ltr'><strong>campis»,</strong></span> <span class='ocrx_word' id='word_1_58' title='bbox 1011 759 1332 828; x_wconf 84' lang='lat' dir='ltr'><strong>Argivaque</strong></span> <span class='ocrx_word' id='word_1_59' title='bbox 1366 757 1541 827; x_wconf 86' lang='lat' dir='ltr'><strong>pubes</strong></span> 
     </span>
     <span class='ocr_line' id='line_1_11' title="bbox 140 832 1862 905; baseline 0.002 -17"><span class='ocrx_word' id='word_1_60' title='bbox 140 837 542 903; x_wconf 84' lang='lat' dir='ltr'><strong>Auruncaeque</strong></span> <span class='ocrx_word' id='word_1_61' title='bbox 577 850 787 901; x_wconf 76' lang='lat' dir='ltr'><strong>manue,</strong></span> <span class='ocrx_word' id='word_1_62' title='bbox 824 834 1017 889; x_wconf 83' lang='lat' dir='ltr'><strong>Rutuli</strong></span> <span class='ocrx_word' id='word_1_63' title='bbox 1051 839 1380 905; x_wconf 79' lang='lat' dir='ltr'><strong>veteresque</strong></span> <span class='ocrx_word' id='word_1_64' title='bbox 1415 832 1595 889; x_wconf 85' lang='lat' dir='ltr'><strong>Sicani</strong></span> <span class='ocrx_word' id='word_1_65' title='bbox 1774 846 1862 891; x_wconf 70' lang='lat'><strong>79⁵</strong></span> 
     </span>
     <span class='ocr_line' id='line_1_12' title="bbox 140 910 1410 980; baseline 0.002 -17"><span class='ocrx_word' id='word_1_66' title='bbox 140 912 212 965; x_wconf 80' lang='lat' dir='ltr'><strong>Et</strong></span> <span class='ocrx_word' id='word_1_67' title='bbox 248 912 519 967; x_wconf 80' lang='lat' dir='ltr'><strong>Sacranae</strong></span> <span class='ocrx_word' id='word_1_68' title='bbox 554 911 699 967; x_wconf 87' lang='lat' dir='ltr'><strong>acies</strong></span> <span class='ocrx_word' id='word_1_69' title='bbox 734 914 793 965; x_wconf 88' lang='lat' dir='ltr'><strong>et</strong></span> <span class='ocrx_word' id='word_1_70' title='bbox 827 911 961 980; x_wconf 87' lang='lat' dir='ltr'><strong>picti</strong></span> <span class='ocrx_word' id='word_1_71' title='bbox 997 914 1156 965; x_wconf 88' lang='lat' dir='ltr'><strong>scuta</strong></span> <span class='ocrx_word' id='word_1_72' title='bbox 1188 910 1410 975; x_wconf 82' lang='lat' dir='ltr'>Labici,</span> <span class='ocrx_word' id='word_1_73' title='bbox 1392 932 1404 944; x_wconf 92' lang='lat'><strong>·</strong></span> 
     </span>
    </p>

    <p class='ocr_par' dir='ltr' id='par_1_7' title="bbox 138 986 1564 1057">
     <span class='ocr_line' id='line_1_13' title="bbox 138 986 1564 1057; baseline 0 -16"><span class='ocrx_word' id='word_1_74' title='bbox 138 988 243 1052; x_wconf 84' lang='lat' dir='ltr'><strong>Qui</strong></span> <span class='ocrx_word' id='word_1_75' title='bbox 278 988 465 1055; x_wconf 84' lang='lat' dir='ltr'><strong>saltus,</strong></span> <span class='ocrx_word' id='word_1_76' title='bbox 504 986 772 1054; x_wconf 84' lang='lat' dir='ltr'><strong>Tiberine,</strong></span> <span class='ocrx_word' id='word_1_77' title='bbox 810 991 951 1055; x_wconf 74' lang='lat' dir='ltr'><strong>tuoe,</strong></span> <span class='ocrx_word' id='word_1_78' title='bbox 987 1003 1312 1057; x_wconf 85' lang='lat' dir='ltr'><strong>sacrumque</strong></span> <span class='ocrx_word' id='word_1_79' title='bbox 1347 984 1564 1041; x_wconf 86' lang='lat' dir='ltr'><strong>Numici</strong></span> 
     </span>
    </p>

    <p class='ocr_par' dir='ltr' id='par_1_8' title="bbox 136 1062 1701 1209">
     <span class='ocr_line' id='line_1_14' title="bbox 136 1062 1633 1132; baseline 0.001 -16"><span class='ocrx_word' id='word_1_80' title='bbox 136 1063 295 1118; x_wconf 90' lang='lat' dir='ltr'><strong>Litus</strong></span> <span class='ocrx_word' id='word_1_81' title='bbox 328 1067 503 1131; x_wconf 89' lang='lat' dir='ltr'><strong>arant,</strong></span> <span class='ocrx_word' id='word_1_82' title='bbox 541 1063 885 1132; x_wconf 82' lang='lat' dir='ltr'><strong>Rutulosque</strong></span> <span class='ocrx_word' id='word_1_83' title='bbox 920 1066 1180 1118; x_wconf 85' lang='lat' dir='ltr'><strong>exercent</strong></span> <span class='ocrx_word' id='word_1_84' title='bbox 1214 1079 1434 1117; x_wconf 86' lang='lat' dir='ltr'><strong>vomere</strong></span> <span class='ocrx_word' id='word_1_85' title='bbox 1469 1062 1633 1129; x_wconf 87' lang='lat' dir='ltr'><strong>collis,</strong></span> 
     </span>
     <span class='ocr_line' id='line_1_15' title="bbox 136 1138 1701 1209; baseline 0.001 -16"><span class='ocrx_word' id='word_1_86' title='bbox 136 1140 527 1209; x_wconf 81' lang='lat' dir='ltr'><strong>Circaeumque</strong></span> <span class='ocrx_word' id='word_1_87' title='bbox 565 1140 767 1208; x_wconf 85' lang='lat' dir='ltr'><strong>iugum,</strong></span> <span class='ocrx_word' id='word_1_88' title='bbox 806 1140 929 1209; x_wconf 88' lang='lat' dir='ltr'><strong>quis</strong></span> <span class='ocrx_word' id='word_1_89' title='bbox 968 1140 1221 1208; x_wconf 88' lang='lat' dir='ltr'><strong>Iuppiter</strong></span> <span class='ocrx_word' id='word_1_90' title='bbox 1259 1141 1520 1193; x_wconf 81' lang='lat' dir='ltr'><strong>Anxurus</strong></span> <span class='ocrx_word' id='word_1_91' title='bbox 1555 1138 1701 1195; x_wconf 80' lang='lat' dir='ltr'><strong>arvis</strong></span> 
     </span>
    </p>

    <p class='ocr_par' dir='ltr' id='par_1_9' title="bbox 134 1215 1856 1438">
     <span class='ocr_line' id='line_1_16' title="bbox 136 1215 1856 1284; baseline 0.001 -15"><span class='ocrx_word' id='word_1_92' title='bbox 136 1216 180 1269; x_wconf 91' lang='lat' dir='ltr'><strong>P</strong></span> <span class='ocrx_word' id='word_1_93' title='bbox 184 1217 437 1284; x_wconf 81' lang='lat' dir='ltr'><strong>raesidet,</strong></span> <span class='ocrx_word' id='word_1_94' title='bbox 472 1218 531 1271; x_wconf 90' lang='lat' dir='ltr'><strong>et</strong></span> <span class='ocrx_word' id='word_1_95' title='bbox 566 1216 727 1269; x_wconf 77' lang='lat' dir='ltr'><strong>viridi</strong></span> <span class='ocrx_word' id='word_1_96' title='bbox 763 1216 1011 1284; x_wconf 81' lang='lat' dir='ltr'><strong>gaudens</strong></span> <span class='ocrx_word' id='word_1_97' title='bbox 1048 1215 1282 1269; x_wconf 80' lang='lat' dir='ltr'><strong>Feronia</strong></span> <span class='ocrx_word' id='word_1_98' title='bbox 1317 1215 1468 1281; x_wconf 90' lang='lat' dir='ltr'><strong>luco;</strong></span> <span class='ocrx_word' id='word_1_99' title='bbox 1766 1231 1856 1271; x_wconf 77' lang='lat' dir='ltr'><strong>eoo</strong></span> 
     </span>
     <span class='ocr_line' id='line_1_17' title="bbox 135 1290 1738 1361; baseline 0 -16"><span class='ocrx_word' id='word_1_100' title='bbox 135 1293 255 1357; x_wconf 83' lang='lat' dir='ltr'><strong>Qua</strong></span> <span class='ocrx_word' id='word_1_101' title='bbox 291 1293 523 1347; x_wconf 84' lang='lat' dir='ltr'><strong>Saturae</strong></span> <span class='ocrx_word' id='word_1_102' title='bbox 558 1292 703 1347; x_wconf 85' lang='lat' dir='ltr'><strong>iacet</strong></span> <span class='ocrx_word' id='word_1_103' title='bbox 738 1298 860 1345; x_wconf 85' lang='lat' dir='ltr'><strong>atra</strong></span> <span class='ocrx_word' id='word_1_104' title='bbox 894 1292 1068 1361; x_wconf 84' lang='lat' dir='ltr'><strong>palus,</strong></span> <span class='ocrx_word' id='word_1_105' title='bbox 1105 1291 1432 1361; x_wconf 81' lang='lat' dir='ltr'><strong>gelidusque</strong></span> <span class='ocrx_word' id='word_1_106' title='bbox 1466 1308 1566 1361; x_wconf 83' lang='lat' dir='ltr'><strong>per</strong></span> <span class='ocrx_word' id='word_1_107' title='bbox 1601 1290 1738 1345; x_wconf 84' lang='lat' dir='ltr'><strong>imas</strong></span> 
     </span>
     <span class='ocr_line' id='line_1_18' title="bbox 134 1367 1688 1438; baseline 0 -16"><span class='ocrx_word' id='word_1_108' title='bbox 134 1368 360 1433; x_wconf 83' lang='lat' dir='ltr'><strong>Quaerit</strong></span> <span class='ocrx_word' id='word_1_109' title='bbox 394 1368 503 1423; x_wconf 89' lang='lat' dir='ltr'><strong>iter</strong></span> <span class='ocrx_word' id='word_1_110' title='bbox 538 1368 692 1422; x_wconf 78' lang='lat' dir='ltr'><strong>vallis</strong></span> <span class='ocrx_word' id='word_1_111' title='bbox 728 1372 896 1438; x_wconf 87' lang='lat' dir='ltr'><strong>atque</strong></span> <span class='ocrx_word' id='word_1_112' title='bbox 930 1368 986 1421; x_wconf 91' lang='lat' dir='ltr'><strong>in</strong></span> <span class='ocrx_word' id='word_1_113' title='bbox 1022 1385 1175 1422; x_wconf 87' lang='lat' dir='ltr'><strong>mare</strong></span> <span class='ocrx_word' id='word_1_114' title='bbox 1211 1367 1465 1421; x_wconf 85' lang='lat' dir='ltr'><strong>conditur</strong></span> <span class='ocrx_word' id='word_1_115' title='bbox 1501 1367 1688 1422; x_wconf 81' lang='lat' dir='ltr'><strong>Ufens.</strong></span> 
     </span>
    </p>

    <p class='ocr_par' dir='ltr' id='par_1_10' title="bbox 134 1442 1849 1821">
     <span class='ocr_line' id='line_1_19' title="bbox 203 1442 1612 1514; baseline -0.001 -15"><span class='ocrx_word' id='word_1_116' title='bbox 203 1445 323 1499; x_wconf 87' lang='lat' dir='ltr'><strong>Hos</strong></span> <span class='ocrx_word' id='word_1_117' title='bbox 360 1462 525 1514; x_wconf 89' lang='lat' dir='ltr'><strong>super</strong></span> <span class='ocrx_word' id='word_1_118' title='bbox 560 1444 785 1498; x_wconf 84' lang='lat' dir='ltr'><strong>advenit</strong></span> <span class='ocrx_word' id='word_1_119' title='bbox 823 1444 1022 1498; x_wconf 85' lang='lat' dir='ltr'><strong>Volsca</strong></span> <span class='ocrx_word' id='word_1_120' title='bbox 1058 1445 1130 1498; x_wconf 89' lang='lat' dir='ltr'><strong>de</strong></span> <span class='ocrx_word' id='word_1_121' title='bbox 1165 1447 1331 1512; x_wconf 86' lang='lat' dir='ltr'><strong>gente</strong></span> <span class='ocrx_word' id='word_1_122' title='bbox 1369 1442 1612 1512; x_wconf 74' lang='lat' dir='ltr'><strong>Camilla,</strong></span> 
     </span>
     <span class='ocr_line' id='line_1_20' title="bbox 135 1520 1672 1591; baseline -0.001 -16"><span class='ocrx_word' id='word_1_123' title='bbox 135 1522 353 1590; x_wconf 81' lang='lat' dir='ltr'><strong>Agmen</strong></span> <span class='ocrx_word' id='word_1_124' title='bbox 388 1537 557 1591; x_wconf 83' lang='lat' dir='ltr'><strong>agens</strong></span> <span class='ocrx_word' id='word_1_125' title='bbox 592 1520 841 1589; x_wconf 88' lang='lat' dir='ltr'><strong>equitum</strong></span> <span class='ocrx_word' id='word_1_126' title='bbox 878 1526 937 1575; x_wconf 86' lang='lat' dir='ltr'><strong>et</strong></span> <span class='ocrx_word' id='word_1_127' title='bbox 969 1521 1217 1575; x_wconf 87' lang='lat' dir='ltr'><strong>florentis</strong></span> <span class='ocrx_word' id='word_1_128' title='bbox 1252 1536 1380 1575; x_wconf 82' lang='lat' dir='ltr'><strong>aere</strong></span> <span class='ocrx_word' id='word_1_129' title='bbox 1415 1524 1672 1585; x_wconf 62' lang='lat' dir='ltr'><strong>mter-ma</strong></span> 
     </span>
     <span class='ocr_line' id='line_1_21' title="bbox 134 1596 1849 1664; baseline 0.001 -15"><span class='ocrx_word' id='word_1_130' title='bbox 134 1597 418 1664; x_wconf 85' lang='lat' dir='ltr'><strong>Bellatrix‚</strong></span> <span class='ocrx_word' id='word_1_131' title='bbox 454 1614 559 1651; x_wconf 91' lang='lat' dir='ltr'><strong>non</strong></span> <span class='ocrx_word' id='word_1_132' title='bbox 599 1597 693 1650; x_wconf 85' lang='lat' dir='ltr'><strong>illa</strong></span> <span class='ocrx_word' id='word_1_133' title='bbox 729 1596 847 1651; x_wconf 91' lang='lat' dir='ltr'><strong>colo</strong></span> <span class='ocrx_word' id='word_1_134' title='bbox 882 1596 1180 1650; x_wconf 78' lang='lat' dir='ltr'><strong>calathisve</strong></span> <span class='ocrx_word' id='word_1_135' title='bbox 1218 1596 1501 1650; x_wconf 77' lang='lat' dir='ltr'><strong>Minervae</strong></span> <span class='ocrx_word' id='word_1_136' title='bbox 1761 1610 1849 1651; x_wconf 73' lang='lat'><strong>805</strong></span> 
     </span>
     <span class='ocr_line' id='line_1_22' title="bbox 134 1672 1488 1742; baseline -0.001 -15"><span class='ocrx_word' id='word_1_137' title='bbox 134 1674 421 1730; x_wconf 80' lang='lat' dir='ltr'><strong>Femineas</strong></span> <span class='ocrx_word' id='word_1_138' title='bbox 454 1673 684 1728; x_wconf 86' lang='lat' dir='ltr'><strong>adsueta</strong></span> <span class='ocrx_word' id='word_1_139' title='bbox 718 1688 925 1740; x_wconf 88' lang='lat' dir='ltr'><strong>manus,</strong></span> <span class='ocrx_word' id='word_1_140' title='bbox 952 1672 1060 1727; x_wconf 74' lang='lat' dir='ltr'><strong>sed</strong></span> <span class='ocrx_word' id='word_1_141' title='bbox 1095 1672 1302 1742; x_wconf 83' lang='lat' dir='ltr'><strong>proelia</strong></span> <span class='ocrx_word' id='word_1_142' title='bbox 1336 1672 1488 1742; x_wconf 82' lang='lat' dir='ltr'><strong>virgo</strong></span> 
     </span>
     <span class='ocr_line' id='line_1_23' title="bbox 135 1749 1608 1821; baseline 0 -18"><span class='ocrx_word' id='word_1_143' title='bbox 135 1751 285 1806; x_wconf 89' lang='lat' dir='ltr'><strong>Dura</strong></span> <span class='ocrx_word' id='word_1_144' title='bbox 318 1751 435 1821; x_wconf 85' lang='lat' dir='ltr'><strong>pati</strong></span> <span class='ocrx_word' id='word_1_145' title='bbox 471 1767 743 1818; x_wconf 86' lang='lat' dir='ltr'><strong>cursuque</strong></span> <span class='ocrx_word' id='word_1_146' title='bbox 778 1749 983 1819; x_wconf 85' lang='lat' dir='ltr'><strong>pedum</strong></span> <span class='ocrx_word' id='word_1_147' title='bbox 1017 1754 1369 1818; x_wconf 85' lang='lat' dir='ltr'><strong>praevertere</strong></span> <span class='ocrx_word' id='word_1_148' title='bbox 1404 1753 1608 1804; x_wconf 85' lang='lat' dir='ltr'><strong>ventos.</strong></span> 
     </span>
    </p>

    <p class='ocr_par' dir='ltr' id='par_1_11' title="bbox 135 1826 1501 1894">
     <span class='ocr_line' id='line_1_24' title="bbox 135 1826 1501 1894; baseline -0.001 -13"><span class='ocrx_word' id='word_1_149' title='bbox 135 1828 239 1882; x_wconf 85' lang='lat' dir='ltr'><strong>Illa</strong></span> <span class='ocrx_word' id='word_1_150' title='bbox 273 1828 360 1882; x_wconf 86' lang='lat' dir='ltr'><strong>vel</strong></span> <span class='ocrx_word' id='word_1_151' title='bbox 395 1827 635 1883; x_wconf 80' lang='lat' dir='ltr'><strong>intactae</strong></span> <span class='ocrx_word' id='word_1_152' title='bbox 673 1826 877 1894; x_wconf 85' lang='lat' dir='ltr'><strong>segetis</strong></span> <span class='ocrx_word' id='word_1_153' title='bbox 910 1841 1010 1893; x_wconf 88' lang='lat' dir='ltr'><strong>per</strong></span> <span class='ocrx_word' id='word_1_154' title='bbox 1044 1841 1256 1879; x_wconf 83' lang='lat' dir='ltr'><strong>summa</strong></span> <span class='ocrx_word' id='word_1_155' title='bbox 1289 1826 1501 1879; x_wconf 57' lang='lat' dir='ltr'><strong>zelaret</strong></span> 
     </span>
    </p>

    <p class='ocr_par' dir='ltr' id='par_1_12' title="bbox 134 1901 1534 1970">
     <span class='ocr_line' id='line_1_25' title="bbox 134 1901 1534 1970; baseline 0 -14"><span class='ocrx_word' id='word_1_156' title='bbox 134 1904 405 1970; x_wconf 88' lang='lat' dir='ltr'><strong>Gramina,</strong></span> <span class='ocrx_word' id='word_1_157' title='bbox 444 1912 560 1956; x_wconf 83' lang='lat' dir='ltr'><strong>nec·</strong></span> <span class='ocrx_word' id='word_1_158' title='bbox 578 1908 795 1957; x_wconf 83' lang='lat' dir='ltr'><strong>teneras</strong></span> <span class='ocrx_word' id='word_1_159' title='bbox 830 1918 993 1956; x_wconf 87' lang='lat' dir='ltr'><strong>cursu</strong></span> <span class='ocrx_word' id='word_1_160' title='bbox 1027 1901 1277 1956; x_wconf 82' lang='lat' dir='ltr'><strong>laesisset</strong></span> <span class='ocrx_word' id='word_1_161' title='bbox 1309 1902 1534 1967; x_wconf 81' lang='lat' dir='ltr'><strong>aristas3</strong></span> 
     </span>
    </p>

    <p class='ocr_par' dir='ltr' id='par_1_13' title="bbox 133 1977 1848 2204">
     <span class='ocr_line' id='line_1_26' title="bbox 133 1977 1848 2048; baseline 0.003 -18"><span class='ocrx_word' id='word_1_162' title='bbox 133 1979 239 2034; x_wconf 92' lang='lat' dir='ltr'><strong>Vel</strong></span> <span class='ocrx_word' id='word_1_163' title='bbox 274 1995 426 2033; x_wconf 86' lang='lat' dir='ltr'><strong>mare</strong></span> <span class='ocrx_word' id='word_1_164' title='bbox 460 1995 560 2047; x_wconf 89' lang='lat' dir='ltr'><strong>per</strong></span> <span class='ocrx_word' id='word_1_165' title='bbox 593 1978 834 2033; x_wconf 88' lang='lat' dir='ltr'><strong>medium</strong></span> <span class='ocrx_word' id='word_1_166' title='bbox 870 1977 1039 2032; x_wconf 90' lang='lat' dir='ltr'><strong>fluctu</strong></span> <span class='ocrx_word' id='word_1_167' title='bbox 1074 1995 1335 2048; x_wconf 86' lang='lat' dir='ltr'><strong>suspensa</strong></span> <span class='ocrx_word' id='word_1_168' title='bbox 1369 1979 1600 2033; x_wconf 87' lang='lat' dir='ltr'><strong>tumenti</strong></span> <span class='ocrx_word' id='word_1_169' title='bbox 1758 1996 1848 2036; x_wconf 75' lang='lat' dir='ltr'><strong>sie</strong></span> 
     </span>
     <span class='ocr_line' id='line_1_27' title="bbox 135 2054 1706 2124; baseline 0.001 -16"><span class='ocrx_word' id='word_1_170' title='bbox 135 2055 332 2110; x_wconf 81' lang='lat' dir='ltr'><strong>Ferret</strong></span> <span class='ocrx_word' id='word_1_171' title='bbox 365 2055 488 2122; x_wconf 88' lang='lat' dir='ltr'><strong>iter,</strong></span> <span class='ocrx_word' id='word_1_172' title='bbox 526 2054 719 2110; x_wconf 87' lang='lat' dir='ltr'><strong>celeris</strong></span> <span class='ocrx_word' id='word_1_173' title='bbox 754 2071 855 2108; x_wconf 88' lang='lat' dir='ltr'><strong>nec</strong></span> <span class='ocrx_word' id='word_1_174' title='bbox 890 2054 1172 2122; x_wconf 79' lang='lat' dir='ltr'><strong>tingueret</strong></span> <span class='ocrx_word' id='word_1_175' title='bbox 1206 2071 1445 2124; x_wconf 88' lang='lat' dir='ltr'><strong>aequore</strong></span> <span class='ocrx_word' id='word_1_176' title='bbox 1477 2054 1706 2124; x_wconf 78' lang='lat' dir='ltr'><strong>plantas.</strong></span> 
     </span>
     <span class='ocr_line' id='line_1_28' title="bbox 136 2130 1487 2204; baseline -0.001 -19"><span class='ocrx_word' id='word_1_177' title='bbox 136 2133 295 2186; x_wconf 88' lang='lat' dir='ltr'><strong>Illam</strong></span> <span class='ocrx_word' id='word_1_178' title='bbox 330 2131 504 2184; x_wconf 90' lang='lat' dir='ltr'><strong>omnis</strong></span> <span class='ocrx_word' id='word_1_179' title='bbox 539 2132 705 2186; x_wconf 89' lang='lat' dir='ltr'><strong>tectis</strong></span> <span class='ocrx_word' id='word_1_180' title='bbox 738 2131 995 2199; x_wconf 76' lang='lat' dir='ltr'><strong>agrisque</strong></span> <span class='ocrx_word' id='word_1_181' title='bbox 1030 2130 1249 2184; x_wconf 84' lang='lat' dir='ltr'><strong>effusa</strong></span> <span class='ocrx_word' id='word_1_182' title='bbox 1233 2148 1322 2185; x_wconf 65' lang='lat' dir='ltr'><strong>ius</strong></span> <span class='ocrx_word' id='word_1_183' title='bbox 1325 2134 1487 2204; x_wconf 82' lang='lat' dir='ltr'><strong>entus</strong></span> 
     </span>
    </p>

    <p class='ocr_par' dir='ltr' id='par_1_14' title="bbox 133 2207 1678 2351">
     <span class='ocr_line' id='line_1_29' title="bbox 133 2207 1678 2278; baseline -0.001 -15"><span class='ocrx_word' id='word_1_184' title='bbox 133 2209 425 2278; x_wconf 85' lang='lat' dir='ltr'><strong>Turbaque</strong></span> <span class='ocrx_word' id='word_1_185' title='bbox 458 2207 691 2262; x_wconf 80' lang='lat' dir='ltr'><strong>miratur</strong></span> <span class='ocrx_word' id='word_1_186' title='bbox 724 2210 962 2261; x_wconf 87' lang='lat' dir='ltr'><strong>matrum</strong></span> <span class='ocrx_word' id='word_1_187' title='bbox 1000 2209 1057 2260; x_wconf 90' lang='lat' dir='ltr'><strong>et</strong></span> <span class='ocrx_word' id='word_1_188' title='bbox 1091 2209 1407 2276; x_wconf 86' lang='lat' dir='ltr'><strong>prospectat</strong></span> <span class='ocrx_word' id='word_1_189' title='bbox 1441 2211 1678 2270; x_wconf 79' lang='lat' dir='ltr'><strong>euntem.</strong></span> 
     </span>
     <span class='ocr_line' id='line_1_30' title="bbox 136 2283 1401 2351; baseline -0.004 -10"><span class='ocrx_word' id='word_1_190' title='bbox 136 2285 409 2340; x_wconf 85' lang='lat' dir='ltr'><strong>Attonitis</strong></span> <span class='ocrx_word' id='word_1_191' title='bbox 444 2283 658 2340; x_wconf 84' lang='lat' dir='ltr'><strong>inhians</strong></span> <span class='ocrx_word' id='word_1_192' title='bbox 692 2283 900 2348; x_wconf 54' lang='lat' dir='ltr'><strong>animis»,</strong></span> <span class='ocrx_word' id='word_1_193' title='bbox 936 2285 999 2337; x_wconf 88' lang='lat' dir='ltr'><strong>ut</strong></span> <span class='ocrx_word' id='word_1_194' title='bbox 1033 2283 1220 2351; x_wconf 85' lang='lat' dir='ltr'><strong>regius</strong></span> <span class='ocrx_word' id='word_1_195' title='bbox 1253 2287 1401 2338; x_wconf 82' lang='lat' dir='ltr'><strong>ostro</strong></span> 
     </span>
    </p>

    <p class='ocr_par' dir='ltr' id='par_1_15' title="bbox 135 2359 1845 2506">
     <span class='ocr_line' id='line_1_31' title="bbox 135 2359 1845 2427; baseline 0.001 -11"><span class='ocrx_word' id='word_1_196' title='bbox 135 2362 302 2417; x_wconf 86' lang='lat' dir='ltr'><strong>Velet</strong></span> <span class='ocrx_word' id='word_1_197' title='bbox 336 2361 517 2420; x_wconf 67' lang='lat' dir='ltr'><strong>honos,</strong></span> <span class='ocrx_word' id='word_1_198' title='bbox 539 2361 675 2416; x_wconf 89' lang='lat' dir='ltr'><strong>levis</strong></span> <span class='ocrx_word' id='word_1_199' title='bbox 709 2359 979 2427; x_wconf 85' lang='lat' dir='ltr'><strong>humeros,</strong></span> <span class='ocrx_word' id='word_1_200' title='bbox 1015 2362 1079 2413; x_wconf 89' lang='lat' dir='ltr'><strong>ut</strong></span> <span class='ocrx_word' id='word_1_201' title='bbox 1116 2359 1283 2414; x_wconf 83' lang='lat' dir='ltr'><strong>fibula</strong></span> <span class='ocrx_word' id='word_1_202' title='bbox 1317 2360 1522 2416; x_wconf 87' lang='lat' dir='ltr'><strong>crinem</strong></span> <span class='ocrx_word' id='word_1_203' title='bbox 1757 2377 1845 2419; x_wconf 75' lang='lat'><strong>815</strong></span> 
     </span>
     <span class='ocr_line' id='line_1_32' title="bbox 140 2435 1722 2506; baseline -0.001 -14"><span class='ocrx_word' id='word_1_204' title='bbox 140 2440 294 2492; x_wconf 88' lang='lat' dir='ltr'><strong>Auro</strong></span> <span class='ocrx_word' id='word_1_205' title='bbox 327 2437 673 2503; x_wconf 87' lang='lat' dir='ltr'><strong>internectat,</strong></span> <span class='ocrx_word' id='word_1_206' title='bbox 711 2435 927 2503; x_wconf 87' lang='lat' dir='ltr'><strong>Lyciam</strong></span> <span class='ocrx_word' id='word_1_207' title='bbox 963 2438 1028 2488; x_wconf 92' lang='lat' dir='ltr'><strong>ut</strong></span> <span class='ocrx_word' id='word_1_208' title='bbox 1061 2440 1222 2503; x_wconf 83' lang='lat' dir='ltr'><strong>gerat</strong></span> <span class='ocrx_word' id='word_1_209' title='bbox 1255 2436 1374 2506; x_wconf 82' lang='lat' dir='ltr'><strong>ipsa</strong></span> <span class='ocrx_word' id='word_1_210' title='bbox 1405 2435 1722 2506; x_wconf 83' lang='lat' dir='ltr'><strong>pharetram</strong></span> 
     </span>
    </p>
   </div>
   <div class='ocr_carea' id='block_1_2' title="bbox 136 2511 1863 2694">
    <p class='ocr_par' dir='ltr' id='par_1_16' title="bbox 136 2511 1863 2694">
     <span class='ocr_line' id='line_1_33' title="bbox 136 2511 1863 2690; baseline -0.001 -123"><span class='ocrx_word' id='word_1_211' title='bbox 136 2514 209 2568; x_wconf 85' lang='lat' dir='ltr'><strong>Et</strong></span> <span class='ocrx_word' id='word_1_212' title='bbox 242 2512 571 2584; x_wconf 79' lang='lat' dir='ltr'><strong>pastoralem</strong></span> <span class='ocrx_word' id='word_1_213' title='bbox 604 2512 851 2582; x_wconf 81' lang='lat' dir='ltr'><strong>praefixa</strong></span> <span class='ocrx_word' id='word_1_214' title='bbox 882 2511 1109 2582; x_wconf 82' lang='lat' dir='ltr'><strong>cuspide</strong></span> <span class='ocrx_word' id='word_1_215' title='bbox 1144 2515 1397 2582; x_wconf 78' lang='lat' dir='ltr'><strong>myrtum.</strong></span> <span class='ocrx_word' id='word_1_216' title='bbox 1731 2573 1777 2690; x_wconf 52' lang='grc'><strong>31</strong></span> <span class='ocrx_word' id='word_1_217' title='bbox 1789 2559 1863 2652; x_wconf 42' lang='grc' dir='ltr'>ἦ</span> 
     </span>
     <span class='ocr_line' id='line_1_34' title="bbox 1567 2607 1732 2694; baseline 0 0"><span class='ocrx_word' id='word_1_218' title='bbox 1567 2607 1732 2694; x_wconf 47' lang='lat' dir='ltr'><strong>aa·</strong></span> 
     </span>
    </p>
   </div>
  </div>
 </body>
</html>
