2163 3401
175 90 270 138 188
638 87 696 135 P.
735 82 1044 133 VERGILI
1080 84 1416 135 MARONIS

177 168 306 223 Heu
339 160 572 221 nimium
601 166 673 220 (le
709 170 767 220 to
803 169 970 231 vates,
1007 166 1236 231 Miseno,
1271 165 1455 220 locuta
1492 169 1592 220 est.

177 244 286 297 Vix
322 260 390 297 ea
422 244 570 297 fatus
605 247 740 310 erat,
774 242 1022 309 geminae
1057 256 1180 294 eum
1216 242 1359 295 forte
1395 241 1678 297 columbae
1816 258 1893 299 ιω

179 320 309 389 Ipsa
342 319 444 374 sub
479 334 578 373 ora
611 319 714 373 viri
749 318 897 372 eaelo
933 330 1134 371 venere
1169 316 1431 384 volantes,

178 397 252 451 Et
287 396 450 449 viridi
485 396 680 450 sedere
715 394 845 449 solo.
913 393 1053 449 Tum
1090 410 1375 448 maxumus
1412 394 1572 450 heros

177 472 462 527 Maternas
497 472 788 541 adgnoscit
819 488 963 539 aves,
1001 470 1291 539 laetusque
1325 474 1611 539 precatur:

181 548 313 604 Este
348 549 529 615 duces,
569 564 618 617 0,
653 548 700 601 si
734 564 846 616 qua
879 547 968 601 via
1003 550 1103 611 cst,
1140 563 1465 616 cursumque
1498 562 1600 616 per
1632 563 1801 602 auras

181 626 416 693 Dirigito
452 626 508 678 in
544 625 707 691 lucos,
743 623 841 677 ubi
877 623 1136 691 pinguem
1174 622 1328 677 dives
1364 627 1559 693 opacat
1818 640 1893 680 195

182 702 384 755 Ramus
420 701 658 755 humum.
733 700 938 768 Tuque,
961 718 1022 766 .‹›‚
1057 698 1239 752 dubiis
1274 716 1345 753 ne
1381 699 1555 754 defice
1590 699 1776 769 rebus,

181 778 320 832 Diva
353 794 564 847 parcns.
640 777 726 830 Sic
763 776 957 830 effatus
992 776 1227 843 vestigia
1258 776 1475 845 pressit,

180 853 504 922 Observans,
541 870 682 923 quae
720 852 872 921 signa
905 850 1102 919 ferant,
1140 869 1247 920 quo
1282 852 1513 907 tendere
1545 857 1803 919 pergant.

182 930 475 984 Pascentes
511 930 637 983 illae
671 932 884 985 tantum
923 928 1147 997 prodire
1181 928 1426 998 voland0,

181 1005 456 1070 Quantum
493 1006 608 1061 acie
643 1008 869 1074 possent
903 1004 1042 1059 oculi
1079 1020 1299 1059 servare
1334 1006 1677 1074 sequentum.
1818 1018 1889 1060 που

183 1082 322 1136 Inde
354 1081 449 1137 ubi
484 1099 682 1136 venere
721 1080 794 1135 ad
827 1082 1012 1135 fauces
1045 1081 1417 1149 graveolentis
1452 1081 1678 1147 Averni,

179 1158 396 1212 Tollunt
431 1175 491 1211 se
527 1157 747 1224 celeres,
785 1155 1163 1226 liquidumque
1196 1174 1298 1227 per
1330 1172 1459 1211 aera
1492 1157 1681 1226 lapsae

179 1234 412 1288 Sedibus
448 1233 651 1303 optatis
685 1234 935 1301 geminae
974 1248 1139 1301 super
1174 1232 1369 1287 arbore
1402 1232 1608 1300 sidunt,

180 1310 428 1364 Discolor
461 1309 608 1363 unde
645 1310 762 1363 auri
797 1326 898 1378 per
933 1322 1113 1363 ramos
1150 1326 1283 1363 aura
1316 1308 1547 1363 refulsit.

179 1387 350 1451 Quale
385 1387 524 1441 solet
560 1385 706 1439 silvis
743 1384 978 1439 brumali
1015 1386 1225 1453 frigore
1258 1384 1466 1439 viscum
1819 1400 1891 1439 2⁰3

181 1462 398 1517 Fronde
431 1464 610 1518 virere
646 1479 798 1528 nova,
835 1462 985 1531 quod
1019 1478 1128 1516 non
1168 1478 1267 1518 sua
1300 1461 1534 1515 seminat
1564 1459 1751 1529 arbos,

181 1541 254 1594 Et
288 1557 476 1595 crocco
512 1541 630 1594 fetu
666 1540 860 1593 teretis
897 1539 1237 1593 circumdare
1272 1542 1523 1593 truncos:

180 1616 324 1670 Talis
360 1621 480 1671 erat
515 1615 724 1685 species
759 1614 880 1670 auri
916 1614 1226 1670 frondentis
1261 1630 1432 1683 opaca

182 1693 330 1761 Ilice,
364 1694 439 1747 sic
475 1692 582 1747 leni
617 1692 928 1762 crepitabat
962 1688 1187 1747 bractea
1221 1696 1401 1745 vento.

179 1770 421 1839 Corripit
458 1773 676 1824 Aeneas
713 1769 988 1838 extemplo
1025 1767 1327 1836 avidusque
1362 1767 1617 1838 refringit
1818 1780 1892 1821 21⁰

181 1847 552 1914 Cunctantem,
589 1850 648 1900 et
681 1846 823 1899 vatis
858 1849 1046 1914 portat
1083 1845 1186 1898 sub
1222 1849 1371 1899 tecta
1406 1843 1657 1913 Sibyllae.

250 1923 300 1976 N
305 1939 366 1976 ec
401 1923 580 1976 minus
615 1922 829 1976 interca
864 1921 1139 1976 Misenum
1174 1922 1231 1974 in
1267 1921 1429 1974 litore
1464 1918 1657 1974 Teucri

181 1998 428 2066 Flebant,
465 2003 523 2052 et
558 1999 728 2054 cineri
763 1999 981 2067 ingrato
1019 2012 1273 2066 suprema
1292 1996 1569 2052 ferebant.

181 2075 452 2144 Principio
485 2075 742 2143 pinguem
780 2075 961 2129 taedis
997 2078 1058 2128 et
1092 2075 1287 2128 robore
1324 2077 1473 2127 secto
2116 2081 2118 2102 ³

181 2153 468 2222 Ingentem
503 2153 757 2205 struxere
793 2165 998 2220 pyram,
1034 2151 1123 2204 cui
1158 2149 1445 2204 frondibus
1478 2147 1617 2204 atris
1822 2161 1894 2203 215

182 2230 445 2298 Intexunt
476 2228 670 2295 latera,
709 2227 770 2282 et
803 2227 988 2281 feralis
1025 2230 1155 2281 ante
1190 2241 1474 2297 cupressos
1498 2229 1505 2236 ’

180 2305 547 2370 constituunt,
586 2304 958 2374 decorantque
995 2319 1163 2372 super
1197 2301 1535 2372 fulgentibus
1568 2305 1751 2357 armis.

182 2380 316 2435 Pars
351 2380 556 2436 calidos
591 2379 781 2434 latices
818 2384 876 2434 et
915 2397 1051 2434 aena
1084 2379 1352 2435 undantia
1386 2377 1617 2432 flammis

183 2458 511 2527 Expediunt,
549 2471 858 2525 corpusque
892 2457 1076 2511 lavant
1112 2456 1361 2526 frigentis
1398 2458 1455 2508 et
1490 2455 1759 2522 unguunt.

182 2534 276 2589 Fit
310 2535 560 2604 gemitus
635 2533 774 2586 Tum
811 2533 1059 2588 membra
1096 2537 1218 2587 toro
1254 2531 1361 2586 deii
1372 2533 1457 2585 ata
1490 2532 1787 2596 reponunt,
1824 2543 1897 2586 22⁰

181 2610 604 2680 Purpureasque
642 2625 810 2679 super
844 2614 1041 2675 vestes,
1079 2609 1346 2662 velamina
1380 2609 1527 2673 nota,

180 2687 502 2742 Ooniiciunt.
580 2687 715 2740 Pars
751 2687 963 2754 ingenti
998 2684 1215 2739 subiere
1256 2684 1477 2749 feretro,

183 2761 364 2814 Triste
399 2761 780 2828 ministerium,
818 2765 878 2816 et
913 2759 1212 2815 subiectam
1248 2776 1402 2814 more
1434 2761 1734 2826 parentum

186 2836 384 2886 Aversi
419 2839 648 2888 tenuere
683 2837 873 2890 facem.
948 2837 1223 2904 Congesta
1256 2835 1575 2890 cremantur

184 2907 360 2958 Turea
395 2907 551 2972 dona,
589 2909 772 2976 dapeS,
809 2912 930 2966 fuso
967 2917 1211 2966 crateres
1247 2911 1402 2966 olivo.
1827 2922 1903 2966 22⁵

187 2980 485 3045 Postquam
519 2982 755 3050 conlapsi
792 2986 998 3040 cineres
1035 2990 1095 3040 et
1130 2987 1348 3040 flamma
1384 2982 1611 3055 quievit,

187 3050 464 3116 Reliquias
495 3053 622 3106 vino
659 3062 718 3109 et
754 3057 994 3112 bibulam
1032 3062 1215 3116 lavere
1249 3061 1505 3129 favillam,

187 3124 434 3191 Ossaque
468 3124 612 3179 lecta
645 3130 780 3182 cado
817 3135 960 3187 texit
1000 3136 1313 3203 Corynaeus
1346 3151 1501 3194 aeno.
