2163 3401
197 91 292 141 270
643 88 702 137 P.
729 86 1050 135 -VERGILI
1071 85 1348 134 MARON
1352 86 1415 136 IS

193 168 306 226 Seu
339 170 472 225 fatis
512 168 719 223 Italum
759 170 939 222 castra
977 166 1263 221 obsidione
1297 170 1575 236 tenentur,

191 246 318 301 Sive
355 263 543 301 errore
580 245 723 299 malo
764 245 958 299 Troiae
994 243 1329 312 monitisque
1366 243 1621 299 sinistris.
1832 262 1907 301 no

191 322 244 375 N
248 340 312 377 ec
351 322 586 377 Rutulos
623 322 785 375 solvo.
859 320 970 375 Sua
1005 319 1206 387 cuique
1242 334 1439 373 exorsa
1475 320 1725 376 laborem

192 396 603 466 Fortunamque
640 397 834 451 ferent.
908 396 1032 449 Rex
1075 394 1330 464 Iuppiter
1369 396 1623 451 omnibus
1663 398 1833 453 idem.

192 474 335 527 Fata
372 474 514 527 viam
552 471 846 526 invenient.
919 472 1095 540 Stygii
1137 487 1239 539 per
1274 470 1500 527 flumina
1530 474 1737 538 fratris,

192 551 302 604 Per
337 550 456 619 pice
494 548 756 602 torrentis
796 550 1028 615 atraque
1058 548 1318 615 voragine
1357 548 1505 617 ripas

192 626 422 692 Adnuit,
458 627 516 679 et
547 628 726 679 totum
755 628 896 678 nutu
927 624 1237 678 tremefecit
1283 623 1586 693 Olympum.
1830 643 1905 682 11⁵

193 702 302 755 Hic
339 702 463 755 finis
496 701 659 755 fandi.
734 700 880 754 Solio
918 704 1038 753 tum
1079 700 1337 770 Iuppiter
1374 718 1540 756 aureo

189 777 392 845 Surgit,
431 776 716 831 caelicolae
752 775 995 830 medium
1033 793 1199 845 quem
1238 776 1311 829 ad
1348 777 1537 831 limina
1574 778 1805 834 ducunt.

261 852 485 907 Interea
523 852 718 906 Rutuli
749 851 924 921 portis
963 852 1169 905 circum
1206 853 1461 906 omnibus
1495 853 1701 909 instant

189 927 446 982 Sternere
481 928 650 982 caede
684 928 844 993 viros,
883 930 942 981 et
977 928 1193 989 moenia
1226 928 1446 996 cingere
1481 928 1726 985 flammis.

191 1006 272 1056 At
309 1004 453 1071 legio
493 1004 816 1057 Aeneadum
852 1003 1008 1057 vallis
1045 1002 1269 1057 obsessa
1305 1008 1542 1072 tenetur,
1824 1020 1899 1059 120

191 1079 308 1133 Nec
339 1096 464 1148 spes
503 1079 612 1133 ulla
650 1080 827 1147 fugae.
903 1078 1094 1133 Miseri
1132 1083 1281 1133 stant
1318 1080 1564 1136 turribus
1604 1080 1735 1135 altis

191 1156 554 1223 Nequiquam,
594 1160 653 1209 et
690 1172 817 1209 rara
853 1172 1040 1210 muros
1077 1156 1297 1210 cinxere
1334 1174 1563 1212 corona:

192 1231 357 1285 Asius
398 1230 736 1285 Imbrasides
777 1232 1244 1300 Hicetaoniusque
1282 1233 1609 1301 Thymoetes

190 1308 553 1376 Assaracique
589 1306 699 1361 duo
736 1311 795 1361 et
833 1308 1017 1361 senior
1051 1324 1176 1361 cum
1217 1308 1444 1363 Castore
1482 1309 1786 1379 Thymbris,

189 1384 372 1437 Prima
407 1384 587 1447 acies;
621 1384 720 1437 hos
756 1384 1004 1451 germani
1042 1383 1371 1453 Sarpedonis
1406 1385 1583 1453 ambo,
1818 1401 1897 1442 125

187 1460 260 1513 Et
299 1460 490 1514 Clarus
531 1463 590 1513 et
631 1459 886 1525 Themon,
928 1458 1092 1527 Lycia
1128 1460 1458 1515 comitantur
1494 1460 1565 1515 ab
1601 1462 1732 1515 alta.

189 1536 322 1589 Fert
354 1536 550 1604 ingens
585 1540 706 1591 toto
743 1535 1008 1590 connixus
1045 1552 1273 1604 corpore
1314 1554 1521 1603 saxum,

192 1611 355 1665 Haud
394 1617 609 1680 partem
649 1612 903 1679 exiguam
943 1611 1161 1677 mentis,
1203 1611 1494 1679 Lyrnesius
1535 1614 1767 1680 Acmon,

183 1687 234 1741 N
238 1705 300 1742 ec
340 1688 518 1757 Clytio
547 1688 797 1756 genitore
833 1689 1024 1753 minor,
1063 1705 1165 1742 nec
1204 1688 1377 1742 fratre
1420 1689 1763 1746 Menestheo.

187 1765 262 1818 Hi
298 1765 502 1832 iaculis,
543 1765 622 1819 illi
663 1769 878 1819 certant
917 1765 1217 1818 defendere
1254 1766 1413 1832 saxis,
1814 1782 1891 1821 iso

183 1841 478 1908 Molirique
517 1842 716 1909 ignem,
753 1857 1034 1910 nervoque
1065 1844 1260 1910 aptare
1296 1842 1539 1910 sagittas·

183 1918 313 1985 Ipse
351 1917 498 1969 inter
534 1916 758 1984 medios,
800 1916 1033 1970 Veneris
1070 1916 1370 1971 iustissima
1410 1934 1555 1985 cura,

181 1991 490 2045 Dardanius
529 1996 712 2060 caput,
751 2009 893 2059 ecce,
934 2009 1075 2061 puer
1114 1990 1367 2049 detectus
1399 1993 1707 2062 honestum,

180 2068 368 2133 Qualis
405 2083 636 2135 gemma,
674 2068 859 2136 micat,
894 2068 1104 2122 fulvum
1137 2085 1279 2137 quae
1317 2068 1518 2123 dividit
1550 2086 1761 2138 aurum,

183 2149 298 2199 Aut
336 2145 474 2198 collo
514 2143 681 2198 decus
718 2148 815 2198 aut
851 2144 1050 2213 capiti:
1095 2145 1183 2198 vel
1220 2145 1383 2212 quale
1419 2162 1519 2215 per
1559 2149 1741 2200 artem
1812 2161 1885 2201 1³⁵

183 2222 459 2276 Inclusum
497 2221 644 2274 buxo
681 2223 780 2274 aut
818 2220 1003 2274 Oricia
1039 2219 1355 2274 terebintho

183 2298 355 2352 Lucet
393 2297 564 2362 ebur3
596 2298 746 2350 fusos
783 2297 966 2351 cervix
1005 2297 1093 2349 cui
1130 2296 1307 2351 lactea
1342 2297 1507 2352 crinis

183 2375 399 2442 Accipit
435 2377 497 2427 et
533 2373 682 2426 molli
723 2371 999 2426 subnectit
1037 2371 1272 2426 circulus
1310 2389 1461 2428 auro.

177 2450 254 2504 Te
294 2465 512 2519 quoque
548 2447 926 2516 magnanimae
965 2446 1239 2515 viderunt,
1280 2449 1505 2517 Ismaro,
1542 2455 1740 2518 gentes

182 2527 417 2580 Volnera
455 2524 709 2592 dirigere,
748 2527 806 2577 et
841 2523 1075 2578 calamos
1114 2540 1328 2579 armare
1371 2543 1594 2594 veneno,
1809 2541 1884 2582 ιω

180 2602 435 2658 Maeonia
470 2615 736 2670 generose
778 2599 939 2652 domo
991 2598 1088 2653 ubi
1120 2600 1345 2667 pinguia
1380 2602 1529 2656 culta

179 2677 558 2747 Exercentque
595 2675 712 2741 viri,
755 2675 1120 2743 Pactolusque
1159 2675 1362 2743 inrigat
1403 2695 1553 2732 auro.

179 2753 376 2806 Adfuit
413 2757 472 2807 et
511 2751 847 2815 Mnestheus,
885 2767 1050 2820 quem
1089 2750 1235 2821 pulsi
1273 2753 1503 2821 pristina
1542 2753 1711 2808 Turni

178 2827 400 2892 Aggere
438 2843 745 2880 moerorum
784 2825 1070 2880 sublimem
1110 2827 1287 2894 gloria
1324 2829 1481 2898 tollit,

173 2897 246 2948 Et
285 2897 494 2960 Capys:
544 2898 671 2950 hinc
707 2915 904 2952 nomen
945 2900 1253 2968 Campanae
1291 2903 1513 2960 ducitur
1552 2905 1695 2961 urbi.
1804 2922 1880 2962 1ss

242 2967 340 3016 Illi·
373 2967 520 3017 inter
557 2983 680 3020 sese
717 2970 842 3024 duri
882 2975 1184 3028 certamina
1223 2975 1355 3030 belli

169 3035 558 3088 Contuierant:
595 3043 778 3096 media
810 3048 1030 3099 Aeneas
1059 3048 1207 3102 freta
1240 3055 1401 3106 nocte
1437 3056 1686 3116 secabat.

167 3104 440 3172 Namque,
477 3112 544 3158 ut
581 3108 652 3160 ab
691 3113 949 3169 Euandro
986 3122 1182 3175 castrig
1221 3125 1505 3194 ingressus
1548 3129 1846 3202 Em-
