2163 3401
15 3262 70 3367 h

605 568 665 617 P.
703 567 1011 617 VERGILI
1043 565 1377 618 MARONIS

529 731 1447 809 GEORGIOON

643 928 882 984 LIBER
929 929 1339 986 SECUNDUS.

882 1112 1079 1142 —4-...

138 1251 440 1307 HAcrnsz
475 1269 728 1306 arvorum
764 1254 941 1308 cultus
965 1259 1035 1309 et
1069 1257 1251 1310 sidera
1285 1257 1433 1326 caeli,

135 1327 289 1382 Nune
324 1332 398 1395 te,
435 1327 665 1395 Bacche,
703 1346 908 1395 canam,
945 1349 1044 1385 nee
1079 1349 1185 1386 non
1224 1333 1494 1387 silvestria
1525 1337 1710 1390 tecum

134 1401 386 1473 Virgulta
420 1408 478 1458 et
511 1404 720 1473 prolem
757 1407 919 1460 tarde
954 1409 1249 1462 crescentis
1284 1409 1468 1464 olivae.

135 1481 270 1550 Huc,
305 1486 466 1553 pater
501 1499 532 1535 o
573 1481 818 1548 Lenac03
852 1485 962 1536 tuis
997 1484 1085 1538 hie
1121 1486 1299 1538 omnia
1333 1486 1495 1554 plena

133 1558 462 1627 Muneribus,
497 1559 600 1612 tibi
637 1560 925 1628 pampineo
961 1561 1219 1629 gravidus
1255 1564 1513 1614 autumno
1815 1577 1841 1617 5
1948 1562 1959 1570 “

133 1635 316 1691 Floret
353 1654 496 1707 ager,
535 1639 755 1705 spumat
790 1636 964 1704 plenis
1000 1637 1271 1690 vindemia
1305 1636 1472 1690 labris
1486 1658 1501 1704 ς

131 1711 265 1778 Huc,
301 1721 460 1783 pater
496 1732 528 1767 o
565 1714 799 1782 Lenaee,
837 1716 974 1781 veni,
1010 1714 1324 1783 nudataque
1359 1719 1538 1769 musto

130 1790 335 1858 Tingue
370 1807 507 1844 novo
543 1809 756 1845 meeum
795 1791 1039 1860 dereptis
1075 1807 1235 1844 crura
1268 1790 1561 1845 cothurnis,

199 1866 464 1935 Principio
500 1867 786 1921 arboribus
831 1869 979 1921 varia
1020 1870 1105 1920 est
1138 1871 1335 1921 natura
1368 1866 1628 1921 creandis,
1697 1914 1703 1919 .

129 1942 376 2012 Namque
411 1943 562 2012 aliae,
600 1943 766 1996 nullis
803 1944 1080 1997 hominum
1118 1944 1450 2011 cogentibus,
1485 1944 1634 2011 ipsae
1792 1956 1841 1997 ιο

127 2018 331 2086 Sponte
367 2036 464 2073 sua
499 2021 725 2073 veniunt
761 2037 1091 2089 camposque
1126 2024 1185 2073 et
1221 2020 1441 2073 flumina
1474 2019 1585 2071 late

127 2096 304 2149 Curva
340 2099 545 2163 tenent,
582 2100 644 2149 ut
686 2097 851 2149 molle
889 2098 1032 2154 siler
1067 2096 1357 2165 lentaeque
1392 2100 1664 2163 genestae.

129 2172 362 2241 Populus
398 2177 456 2227 et
490 2138 684 2241 glauca
721 2174 972 2227 canentia
1007 2173 1203 2227 fronde
1242 2173 1459 2237 salicta;

127 2250 260 2303 Pars
294 2255 477 2304 autem
513 2251 690 2318 posito
732 2253 965 2317 surgunt
1001 2249 1070 2301 de
1109 2250 1327 2317 semine,
1363 2251 1427 2301 ut
1462 2247 1607 2300 altae

127 2326 438 2395 Castaneae,
474 2344 866 2395 nemorumque
907 2326 1022 2378 Iovi
1059 2342 1200 2395 quae
1235 2340 1489 2379 maxuma
1522 2323 1746 2375 frondet
1790 2338 1841 2377 15

127 2402 403 2469 Aesculus,
442 2406 605 2470 atque
641 2402 861 2454 habitae
900 2402 1075 2455 Graiis
1112 2403 1327 2455 oracula
1361 2414 1606 2469 quercus.

128 2478 362 2532 Pullulat
397 2478 468 2531 ab
504 2478 687 2532 radice
725 2477 846 2531 aliis
882 2478 1204 2532 densissima
1240 2478 1385 2543 silva,

128 2554 204 2609 Ut
237 2556 435 2611 cerasis
469 2555 767 2623 ulmisque;
803 2556 971 2609 etiam
1012 2553 1273 2608 Parnasia
1305 2554 1489 2607 laurus

127 2631 300 2686 Parva
335 2634 434 2685 sub
469 2633 680 2701 ingenti
716 2633 910 2686 matris
947 2648 1007 2685 se
1045 2632 1262 2685 subiicit
1296 2628 1501 2681 umbra.

127 2708 244 2761 Hos
277 2712 472 2761 natura
506 2710 698 2763 modos
735 2710 966 2779 primum
1008 2708 1194 2772 dedit3
1228 2706 1312 2759 his
1346 2721 1518 2773 genus
1554 2719 1712 2756 omne
1790 2717 1843 2755 zo

125 2782 387 2837 Silvarum
421 2783 779 2855 fruticumque
814 2786 953 2841 viret
988 2800 1377 2853 nemorumque
1412 2796 1700 2835 sacrorum.

193 2858 330 2912 Sunt
365 2860 468 2927 alii,
509 2880 644 2929 quos
679 2866 800 2930 ipse
841 2864 928 2916 via
964 2862 1065 2915 sibi
1102 2860 1347 2929 repperit
1378 2876 1522 2911 usuS.

127 2932 232 2986 Hie
266 2933 480 3000 plantas
518 2940 714 2990 tenero
751 2939 1072 2992 abscindens
1111 2938 1181 2989 de
1216 2952 1443 3004 corpore
1477 2940 1713 2987 matrum

126 3007 388 3077 Deposuit
425 3012 614 3076 sulcis;
651 3013 736 3066 hie
772 3015 970 3082 stirpes
1009 3013 1191 3066 obruit
1228 3029 1370 3077 arvo,

129 3082 578 3155 Quadrifidasque
615 3088 793 3154 sudes,
833 3094 890 3141 et
925 3094 1083 3143 acuto
1119 3088 1314 3141 robore
1356 3088 1557 3144 vallos:
1788 3096 1846 3137 2⁸

127 3158 498 3226 Silvarumque
534 3162 669 3214 aliae
703 3180 920 3230 pressos
953 3163 1263 3231 propaginis
1298 3178 1456 3216 arcus
