2163 3401
803 119 1175 168 AENEIDOS
1208 121 1347 171 LIB.
1386 124 1488 172 XI.
1886 126 1979 174 3⁰3

268 200 315 253 O
353 200 524 253 decus
568 198 760 252 ltaliae
799 198 971 265 virgo,
1010 213 1147 264 quas
1182 198 1365 254 dicere
1400 204 1601 268 grates,

268 276 484 340 Quasve
519 273 728 327 referre
763 275 984 341 parem?
1034 274 1135 327 sed
1170 292 1329 343 nuuc,
1365 280 1452 330 est
1486 277 1669 331 omnia
1704 276 1925 347 quando

267 352 388 405 Iste
422 350 636 403 animus
673 365 854 417 supra,
890 366 1105 403 meeum
1142 351 1350 420 partire
1384 351 1643 406 laborem.
1909 368 1979 407 διο

269 430 504 494 Aeneas,
539 429 605 479 ut
638 425 783 479 fama
819 425 988 479 fidem
1025 427 1289 495 missique
1323 431 1609 496 reportant

267 503 678 571 ExploratoreS‚
716 501 966 570 equitum
1003 501 1145 556 levia
1179 503 1441 571 inprobus
1475 520 1627 559 arma

268 578 578 644 Praemisit,
616 581 913 647 quaterent
949 594 1199 646 campos;
1236 580 1354 647 ipse
1392 579 1568 633 ardua
1600 581 1807 635 montis

269 656 378 709 Per
414 654 637 708 deserta
670 654 798 722 iugo
835 656 1100 723 superans
1135 655 1395 709 adventat
1431 654 1504 709 ad
1537 655 1745 710 urbem.

267 732 444 785 Furta
476 747 612 799 paro
645 730 778 785 belli
813 746 1054 784 convexo
1091 730 1147 783 in
1181 731 1405 786 tramite
1440 731 1623 799 silvae,
1906 748 1977 788 515

267 808 350 862 Ut
384 806 562 861 bivias
598 810 812 861 armato
849 806 1099 860 obsidam
1134 807 1312 861 milite
1345 808 1551 863 fauces,

266 885 351 938 Tu
385 882 722 952 Tyrrhenum
758 884 1002 951 equitem
1038 882 1254 937 collatis
1290 884 1479 951 excipe
1514 884 1711 952 signis3

266 960 469 1014 Tecum
503 975 631 1012 acer
666 959 966 1026 Messapus.
988 959 1119 1027 erit,-
1150 963 1476 1027 turmaeque
1512 958 1759 1027 Latinae,

267 1035 594 1104 Tiburtique
628 1051 849 1099 manus3
886 1035 1043 1089 ducis
1080 1040 1139 1089 et
1173 1039 1237 1089 tu
1271 1035 1493 1103 concipe
1530 1051 1729 1089 curam.

267 1112 360 1165 Sic
392 1112 486 1177 ait,
523 1115 582 1164 et
617 1110 842 1179 paribus
879 1111 1196 1180 Messapum
1231 1111 1289 1164 in
1324 1110 1533 1180 proelia
1567 1110 1731 1165 dictis
1907 1126 1980 1165 520

271 1189 548 1243 Hortatur
581 1186 864 1255 sociosque
900 1186 1085 1255 duces,
1119 1190 1177 1241 et
1213 1187 1394 1255 pergit
1428 1188 1483 1241 in
1518 1188 1747 1241 hostem.

271 1265 373 1317 Est
407 1279 573 1317 curvo
607 1262 858 1316 anfractu
892 1262 1077 1328 valles,
1112 1263 1469 1317 adcommoda
1500 1263 1681 1317 fraudi

271 1343 678 1407 Armorumque
713 1338 868 1403 dolis,
905 1355 1070 1407 quam
1106 1338 1292 1392 densis
1326 1338 1609 1392 frondibus
1643 1344 1825 1393 atrum

269 1414 492 1483 Urguet
527 1414 806 1482 utrimque
844 1415 1002 1481 latus,
1037 1414 1220 1467 tenuis
1255 1430 1363 1483 quo
1399 1414 1595 1469 semita
1630 1416 1782 1470 ducit
1992 1442 2003 1453 ·

271 1492 669 1559 Angustaeque
703 1490 892 1544 ferunt
923 1491 1112 1544 fauces
1147 1490 1441 1559 aditusque
1474 1491 1711 1560 maligni.
1903 1506 1977 1546 525

271 1567 436 1621 Hanc
471 1583 636 1635 super
673 1566 728 1619 in
765 1566 1000 1635 speculis
1039 1583 1359 1634 summoque
1393 1566 1450 1619 in
1485 1567 1691 1621 vertice
1726 1567 1929 1621 montis

271 1642 536 1697 Planities
570 1642 758 1712 ignota
792 1642 949 1710 iacet,
987 1643 1209 1712 tutique
1245 1658 1507 1711 recessus,

269 1721 384 1775 Seu
420 1719 622 1774 dextra
655 1720 920 1788 laevaque
956 1718 1091 1774 velis
1128 1736 1412 1776 occurrere
1446 1735 1675 1788 pugnae,

269 1795 398 1850 Sive
431 1795 642 1850 instare
677 1795 820 1863 iugis
857 1800 917 1850 et
950 1795 1185 1864 grandia
1219 1795 1436 1850 volvere
1472 1811 1615 1850 saxa.

271 1871 400 1925 Huc
434 1871 645 1926 iuvenis
681 1875 812 1926 nota
846 1871 1027 1926 fertur
1062 1871 1285 1940 regione
1320 1871 1543 1938 viarum,
1904 1887 1975 1927 mo

277 1947 636 2015 Arripuitque
671 1947 849 2000 locum
885 1949 944 2001 ct
981 1947 1132 2002 silvis
1166 1947 1369 2002 insedit
1403 1948 1615 2017 iniquis.

338 2022 599 2077 Velocem
635 2023 848 2078 interea
884 2024 1097 2092 superis
1132 2024 1190 2078 in
1225 2024 1449 2079 sedibus
1485 2024 1662 2094 Opim,

271 2097 452 2152 Unam
488 2114 558 2151 ex
594 2097 896 2165 virginibus
933 2099 1100 2152 sociis.
1129 2115 1389 2166 sacraque
1424 2103 1657 2166 caterva,

269 2173 652 2243 compellabat
688 2178 746 2228 et
779 2173 879 2230 has
917 2175 1097 2230 tristis
1133 2175 1365 2228 Latonia
1400 2191 1557 2228 voces

267 2250 382 2304 Ore
417 2248 614 2304 dabat:
652 2250 919 2305 Graditur
952 2250 1159 2306 bellum
1194 2249 1268 2305 ad
1304 2250 1522 2304 crudele
1560 2249 1801 2318 Camilla,
1904 2267 1974 2308 ⁶³5

267 2326 316 2380 O
355 2327 526 2394 virge,
564 2330 624 2381 ct
658 2327 861 2380 nostris
897 2328 1231 2396 nequiquam
1266 2327 1505 2396 cingitur
1538 2326 1719 2394 armis,

268 2402 412 2456 Cara
447 2401 582 2456 mihi
617 2405 747 2456 ante
783 2402 932 2458 alias.
1006 2403 1205 2472 Neque
1240 2404 1385 2458 enim
1421 2419 1589 2456 novus
1622 2402 1730 2456 iste
1766 2402 1975 2457 Dianae

267 2477 444 2533 Venit
477 2495 646 2545 amor,
685 2478 980 2548 subitaque
1015 2480 1256 2534 animum
1294 2479 1582 2534 dulcedine
1616 2479 1806 2534 movit.

271 2553 468 2608 Pulsus
503 2553 574 2608 ob
609 2555 870 2608 invidiam
907 2573 1075 2624 regno
1110 2556 1353 2626 virisque
1388 2555 1651 2624 superbas

267 2630 533 2684 Priverno
569 2631 800 2699 antiqua
835 2631 1097 2686 Metabus
1131 2649 1255 2686 cum
1291 2631 1586 2686 excederet
1620 2630 1773 2698 urbe,
1902 2643 1975 2684 54⁰

269 2706 546 2759 Infantem
580 2705 796 2775 fugiens
831 2708 1016 2762 media
1049 2709 1199 2764 inter
1232 2708 1439 2779 proelia
1473 2705 1603 2761 belli

267 2781 504 2837 Sustulit
539 2782 732 2836 exsilio
768 2784 1040 2851 comitem,
1077 2785 1381 2854 matrisque
1415 2783 1629 2836 vocavit

265 2857 502 2912 Nomine
539 2858 844 2928 Casmillae,
879 2864 1094 2914 mutata
1127 2865 1301 2930 parte,
1339 2858 1638 2913 Camillam.

268 2934 397 3003 Ipse
434 2933 557 2987 sinu
590 2951 724 3004 prae
762 2951 822 2988 se
855 2939 1083 3004 portans
1118 2936 1245 3003 iuga
1275 2935 1440 3002 longa
1474 2933 1703 3000 petebat

265 3010 516 3064 Selorum
552 3027 866 3076 nemorum3
900 3012 1014 3066 tela
1048 3010 1292 3080 undique
1327 3026 1490 3064 saeva
1527 3010 1866 3078 premebant,
1900 3025 1971 3064 ⁵4⁵

266 3085 340 3140 Et
374 3087 700 3144 circumfuso
737 3087 1039 3142 volitabant
1073 3087 1251 3142 milite
1285 3085 1487 3141 Volsci.

266 3161 423 3231 Ecce,
458 3163 622 3232 fugae
656 3165 856 3233 medi0‚
890 3166 1117 3218 summis
1154 3166 1463 3218 Amasenus
1496 3159 1781 3218 abundans
