2163 3401
749 65 1129 114 BUCOLICA.
1190 63 1337 112 EOL.
1375 60 1475 112 IX.
1729 129 1738 137 ·
1894 65 1956 111 19

253 152 378 206 Has
413 149 544 203 olim
581 147 804 200 exuvias
839 145 974 198 mihi
1011 144 1257 214 perfidus
1292 144 1384 198 ille
1420 143 1659 213 reliquit,

252 227 492 295 Pignora
527 240 652 276 cara
687 223 807 287 sui;
844 239 986 290 quae
1022 237 1165 275 nunc
1202 237 1303 288 ego
1338 221 1523 274 limine
1557 221 1613 273 in
1649 221 1781 289 ips0,

250 303 436 368 Terra,
474 300 576 354 tibi
613 299 812 352 mando
839 317 853 363 ;
890 297 1097 350 debent
1132 297 1266 351 haec
1300 297 1530 365 pignora
1566 296 1853 365 Daphnim.

249 379 454 432 Ducite
479 377 549 430 ab
571 375 709 428 urbe
736 375 974 440 domum,
1002 390 1125 426 mea
1149 374 1403 439 carmina,
1428 373 1613 426 ducito
1639 373 1925 442 Daphnim.

251 456 374 509 Has
406 453 606 506 herbas
643 453 811 519 atque
847 449 980 502 haec
1019 449 1195 502 Ponto
1231 449 1363 502 mihi
1400 449 1543 504 lecta
1577 467 1783 504 venena
1914 465 1962 503 σε

252 531 382 601 Ipse
418 529 578 582 dedit
616 527 854 592 Moeris;
891 529 1188 579 nascuntur
1222 524 1457 593 plurima
1496 526 1687 580 Ponte.

253 608 360 662 His
396 623 498 675 ego
537 619 700 672 saepe
738 603 926 672 lupum
963 602 1085 655 fieri
1122 605 1181 656 et
1216 618 1275 656 se
1311 601 1545 656 condere
1582 602 1730 656 silvis

251 684 502 750 Moerim,
541 698 704 750 saepe
739 679 946 732 animas
983 679 1108 732 imis
1145 679 1326 732 excire
1364 679 1661 748 sepulchris
1674 679 1686 687 ”

252 762 446 828 Atque
484 762 628 812 satas
665 756 768 810 alio
805 755 920 809 vidi
956 755 1249 809 traducere
1284 756 1489 810 messis.
1914 771 1963 810 oe

251 837 456 890 Ducite
479 835 548 888 ab
573 833 709 886 urbe
737 833 972 899 domum,
999 849 1123 885 mea
1148 833 1398 899 carmina,
1424 832 1609 885 ducite
1634 831 1920 900 Daphnim.

253 913 367 966 Fer
401 913 622 978 cineres,
666 909 950 978 Amarylli‚
987 909 1147 976 foras,
1185 908 1413 978 rivoque
1448 908 1638 962 fluenti

249 989 536 1057 Transque
559 989 724 1056 caput
745 986 864 1039 iace
882 1007 894 1050 ;
915 1002 1016 1040 nec
1039 985 1360 1053 respexeris.
1436 985 1543 1038 His
1565 1001 1667 1052 ego
1684 984 1959 1054 Daphnim

252 1063 606 1132 Adgrediar3
639 1062 773 1116 nihil
808 1061 902 1115 ille
937 1061 1087 1130 deos,
1121 1061 1195 1114 nil
1232 1062 1472 1116 carmina
1504 1064 1673 1116 curat.

251 1140 454 1194 Ducite
477 1140 547 1193 ab
571 1139 708 1193 urbe
735 1140 971 1204 domum,
995 1155 1121 1194 mea
1143 1138 1393 1202 carmina,
1418 1138 1603 1192 ducite
1630 1138 1917 1208 Daphnim.

253 1217 474 1286 Aspice,
514 1216 779 1284 corripuit
815 1215 1065 1270 tremulis
1104 1215 1296 1268 altaria
1334 1215 1563 1269 flammis
1888 1233 1962 1273 105

253 1293 462 1360 Sponte
501 1309 610 1356 sua,
649 1291 780 1345 dum
815 1293 961 1346 ferre
995 1309 1195 1358 moror,
1230 1292 1365 1345 cinis
1400 1292 1533 1360 ipsc.
1608 1293 1822 1347 Bonum
1860 1295 1958 1350 sit!

255 1369 456 1422 Nescio
495 1367 629 1436 quid
665 1373 813 1422 certe
849 1373 948 1432 est,
986 1372 1044 1423 et
1083 1369 1263 1438 Hylax
1300 1370 1354 1422 in
1394 1370 1575 1424 limine
1612 1370 1797 1424 latrat.

257 1443 588 1498 Credimus?
625 1461 708 1510 an,
743 1447 838 1513 qui
873 1449 1072 1510 amant,
1110 1445 1213 1514 ips-i
1251 1446 1353 1498 sibi
1392 1447 1601 1500 somnia
1636 1447 1890 1514 fingunt}

255 1520 496 1588 Parcite,
518 1519 590 1574 ab
614 1521 749 1575 urbe
773 1522 938 1590 venit,
963 1522 1090 1587 iam,
1116 1522 1369 1589 carmina,
1395 1523 1619 1590 parcite,
1652 1522 1917 1592 Daphnis,

846 1692 1223 1751 ECLOGA
1276 1692 1392 1751 IX.

966 1790 1258 1849 MOERIS.

841 1900 1088 1942 LYCIDAS.
1154 1902 1377 1943 MOERIS.

255 1974 326 2027 L.
365 1972 488 2037 Quo
512 1976 586 2039 te,
614 1970 804 2035 Moeri,
830 1970 1034 2039 pedes?
1060 1988 1143 2036 an,
1168 1987 1277 2039 quo
1302 1972 1389 2025 via
1412 1973 1583 2037 ducit,
1609 1972 1665 2025 in
1690 1973 1926 2030 urbemi

256 2049 343 2103 M.
381 2049 428 2101 Ο
470 2048 688 2117 Lycida,
722 2046 828 2100 vivi
864 2048 1226 2116 perminimum
1262 2048 1471 2102 advena
1506 2050 1694 2117 nostri,

260 2124 419 2189 Quod
457 2140 754 2191 numquam
790 2123 948 2176 veriti
986 2140 1187 2191 sumus,
1221 2127 1285 2178 ut
1319 2141 1599 2193 possessor
1632 2126 1791 2194 agelli

259 2202 514 2254 Diceret:
553 2198 706 2253 Haec
742 2216 864 2253 mea
898 2204 1062 2266 suut;
1096 2209 1309 2253 veteres
1345 2201 1577 2269 migrate
1612 2202 1803 2257 coloni.

260 2278 423 2331 Nunc
457 2276 602 2343 victi,
638 2276 842 2345 tristeS,
880 2278 1134 2347 quoniam
1173 2277 1310 2330 Fors
1346 2279 1524 2332 omnia
1559 2282 1757 2346 versat,
1938 2296 1963 2335 5

260 2353 384 2407 Hos
417 2352 710 2423 illi—quod
745 2368 849 2405 nec
880 2356 1061 2425 vertat
1098 2352 1572 2409 bene—mittimus
1606 2355 1824 2410 haedos

257 2428 328 2484 L.
365 2428 530 2503 Certe
570 2428 824 2497 equidem
859 2430 1159 2502 audieram,
1198 2449 1307 2500 qua
1342 2449 1401 2486 se
1438 2432 1741 2487 subducere
1776 2432 1941 2485 eolles

261 2505 558 2575 Incipiunt,
597 2506 857 2575 mollique
893 2507 1080 2575 iugum
1120 2507 1413 2562 demittere
1450 2508 1602 2573 clive,

259 2580 454 2650 Usque
479 2582 551 2635 ad
575 2598 774 2651 aquam
798 2586 856 2637 et
881 2585 1096 2651 veteris,
1122 2584 1228 2637 iam
1252 2585 1427 2638 fracta
1449 2583 1741 2650 cacumina,
1763 2584 1916 2651 fagos

262 2657 461 2711 Omnia
496 2658 825 2713 carminibus
861 2664 1105 2715 vestrum
1141 2677 1386 2715 servasse
1423 2658 1720 2713 Menalcan.
1916 2673 1965 2712 10

258 2733 346 2787 M
386 2735 680 2803 Audieras,
701 2739 778 2809 *et
813 2736 958 2791 fama
992 2738 1135 2803 fuit3
1170 2738 1270 2791 sed
1304 2737 1545 2791 carmina
1580 2738 1791 2798 tantum

259 2809 471 2885 Nostra
506 2812 702 2880 valent,
741 2813 958 2882 Lycida,
996 2814 1111 2868 tela
1145 2814 1291 2867 inter
1327 2813 1545 2879 Martia,
1580 2815 1844 2878 quantum

261 2885 534 2943 Chaonias
569 2888 760 2945 dicunt
795 2892 978 2960 aquila
1012 2890 1266 2943 veniente
1302 2886 1592 2941 columbas.

262 2962 426 3027 Quod
461 2965 564 3019 nisi
599 2982 688 3019 me
725 2980 1066 3033 quacumque
1102 2978 1268 3015 novas
1302 2962 1543 3015 incidere
1580 2958 1707 3010 lites

267 3041 420 3095 Ante
455 3041 677 3093 sinistra
712 3056 843 3093 cava
877 3037 1181 3091 monuisset
1216 3038 1286 3091 ab
1320 3038 1444 3090 ilice
1479 3032 1681 3097 cornix,
1920 3038 1968 3075 ιε

268 3108 388 3169 Nec
421 3118 552 3169 tuus
569 3115 678 3190 ‘hic
712 3114 936 3179 Moeris,
971 3130 1072 3167 nec
1106 3112 1316 3166 viveret
1350 3112 1468 3176 ipse
1504 3102 1795 3158 Menalcas·

418 3190 452 3240 8
