2163 3401
765 116 1305 166 AENEIDOS·LIB.
1344 118 1421 165 ΙΙ.
1854 120 1949 171 116

230 202 446 256 Limina
481 201 755 253 tectorum
792 200 850 251 et
883 196 1129 252 medium
1164 195 1222 249 in
1256 196 1633 266 penetralibus
1669 198 1899 265 hostem,

235 282 410 331 Arma
445 276 542 328 diu
579 273 762 327 senior
798 273 1029 326 desueta
1063 273 1431 327 trementibus
1465 290 1597 327 aevo
2107 241 2110 313 ¹

235 350 554 407 Circumdat
590 349 920 417 nequiquam
958 348 1217 412 humeris,
1254 354 1315 402 et
1348 350 1543 404 inutile
1574 350 1782 403 ferrum
1869 365 1943 407 510
2110 325 2112 371 ¹

235 429 501 496 Cingitur,
536 442 599 479 ac
635 424 834 479 densos
869 424 1046 477 fertur
1084 425 1382 478 moriturus
1419 426 1475 477 in
1510 425 1697 480 hostis.
2112 408 2114 441 ¹

119 558 122 561 ,
237 504 490 559 Aedibus
525 503 582 555 in
618 500 816 554 mediis
851 500 1108 568 nudoque
1148 500 1251 555 sub
1288 502 1531 555 aetheris
1566 518 1669 555 axe

237 582 443 649 Ingens
479 595 573 634 ara
607 578 713 630 fuit
749 577 1008 645 iuxtaque
1048 578 1343 632 vetcrrima
1376 579 1575 646 laurae,

239 656 572 711 Incumbens
607 670 734 707 arae
766 658 936 721 atque
974 654 1172 709 umbra
1206 656 1469 724 conplexa
1506 654 1739 709 Penatis,

243 734 354 789 uic
389 732 618 786 Hecuba
652 734 710 784 et
745 736 905 784 natae
943 732 1279 800 nequiquam
1318 732 1510 786 altaria
1545 732 1764 800 circum,
1883 744 1957 786 515

239 809 576 876 Praecipites
611 811 734 860 atra
769 823 869 861 ceu
905 811 1238 877 tempestate
1274 807 1569 875 columbae,

241 884 561 939 condensae
597 887 656 936 et
691 882 874 936 divom
909 885 1195 953 amplexae
1232 884 1517 938 simulacra
1551 885 1830 939 sedebant.

242 962 434 1030 Ipsum
470 964 653 1013 autem
691 960 921 1027 sumptis
959 960 1238 1014 Priamum
1274 960 1609 1014 iuvenalibus
1643 962 1805 1015 armis

241 1036 326 1092 Ut
361 1036 514 1103 vidit,
553 1037 705 1101 Quae
740 1052 895 1089 mens
931 1038 1045 1089 tam
1084 1036 1217 1103 dira,
1254 1037 1555 1091 miserrime
1590 1037 1839 1105 coniunx,

243 1112 458 1183 Inpulit
494 1112 578 1165 his
613 1112 757 1180 cingi
792 1112 953 1167 telis?
989 1116 1087 1166 aut
1123 1129 1233 1181 quo
1269 1113 1415 1167 ruis?
1450 1114 1645 1181 inquit.
1886 1126 1959 1165 520

245 1188 372 1243 Non
409 1189 505 1243 tali
539 1189 736 1242 auxilio
773 1206 873 1243 nec
909 1188 1288 1243 defensoribus
1320 1190 1443 1243 istis

246 1266 486 1334 Tempus
521 1270 680 1333 ege-t3
713 1282 838 1331 non,
877 1266 923 1318 si
959 1266 1076 1333 ipse
1112 1282 1265 1320 meus
1302 1282 1445 1320 nuuc
1480 1265 1697 1319 adforet
1736 1265 1959 1318 Hector.

248 1342 379 1397 Huc
414 1341 639 1394 tandem
676 1340 940 1406 eoncede3
977 1341 1111 1395 haec
1148 1357 1241 1394 ara
1279 1342 1526 1395 tuebitur
1562 1342 1753 1408 omnis,

248 1421 370 1473 Aut
403 1417 636 1471 moriere
672 1416 843 1470 simul.
920 1417 1010 1471 Sic
1045 1433 1143 1471 ore
1178 1417 1344 1471 effata
1379 1417 1587 1485 recepit

248 1494 346 1549 Ad
382 1509 504 1547 sese
539 1497 599 1547 et
633 1509 786 1547 sacra
820 1493 1143 1561 longaevum
1180 1493 1237 1546 in
1273 1492 1404 1546 sede
1441 1492 1650 1545 locavit.
1888 1504 1965 1547 525

319 1571 462 1625 Eece
495 1573 679 1623 autem
715 1569 931 1637 elapsus
969 1568 1165 1638 Pyrrhi
1199 1568 1271 1621 de
1310 1568 1480 1622 caede
1521 1566 1737 1636 Polites,

247 1648 410 1704 Unus
441 1650 695 1700 natorum
734 1644 950 1707 Priami,
986 1661 1087 1714 per
1122 1645 1249 1712 tela,
1286 1661 1387 1715 per
1424 1644 1597 1698 hostis

250 1723 563 1778 Porticibus
598 1723 772 1791 longis
805 1722 960 1790 fugit,
997 1725 1057 1776 et
1091 1738 1261 1776 vacua
1296 1722 1437 1776 atria
1472 1721 1673 1776 lustrat

249 1801 502 1856 Saucius:
535 1799 688 1852 illum
724 1800 924 1854 ardens
956 1799 1157 1853 infesto
1192 1799 1411 1853 volnere
1447 1798 1691 1867 Pyrrhus

251 1877 587 1945 Insequitur,
611 1875 719 1930 iam
742 1875 960 1943 iamque
983 1891 1147 1930 manu
1172 1877 1329 1929 tenet
1352 1878 1411 1928 et
1434 1874 1638 1945 premit
1660 1874 1847 1930 hasta:
1892 1889 1969 1930 sno

250 1953 334 2007 Ut
370 1952 596 2006 tandem
632 1954 761 2006 ante
797 1951 980 2007 oculos
1017 1951 1191 2006 evasit
1227 1955 1286 2005 et
1322 1968 1417 2005 ora
1451 1955 1759 2021 parentum,

251 2028 520 2094 Concidit,
558 2043 621 2082 ae
655 2027 830 2082 multo
865 2027 1035 2080 vitam
1071 2043 1197 2082 cum
1232 2028 1495 2096 sanguine
1530 2027 1689 2081 fudit.

252 2105 368 2159 Hic
404 2103 666 2172 Priamus,
702 2117 1033 2172 quamquam
1067 2103 1125 2156 in
1159 2103 1341 2158 media
1373 2105 1483 2158 iam
1516 2107 1695 2158 morte
1728 2105 1967 2168 tenetur,

249 2181 381 2235 Non
413 2183 600 2233 tamen
633 2179 915 2246 abstinuit,
951 2197 1054 2234 nec
1087 2181 1206 2234 voci
1240 2181 1465 2249 iraeque
1501 2180 1775 2248 pepercit:

251 2259 338 2314 At
373 2255 478 2310 tibi
513 2272 612 2324 pro
647 2256 868 2322 scelere,
905 2256 1187 2324 exclamat,
1222 2273 1323 2326 pro
1357 2255 1561 2310 talibus
1592 2255 1753 2323 ausis,
1898 2269 1971 2308 535

251 2333 342 2400 Di,
381 2333 427 2386 si
463 2349 573 2400 qua
605 2336 692 2388 est
727 2331 875 2386 caelo
911 2332 1105 2400 pietaS,
1142 2350 1283 2402 quae
1318 2332 1453 2386 talia
1488 2336 1657 2399 curet,

253 2408 581 2474 Pei-solvant
614 2413 801 2477 grates
837 2408 1032 2476 dignas
1066 2412 1127 2462 et
1161 2409 1403 2478 praemia
1436 2408 1674 2462 reddant

253 2485 478 2552 Debita,
514 2485 605 2552 qui
641 2485 757 2538 nati
793 2501 974 2539 eoram
1011 2500 1101 2538 me
1138 2501 1361 2538 cernere
1397 2484 1569 2538 letum

253 2560 465 2614 Fecisti
500 2564 556 2614 et
590 2561 798 2628 patrios
831 2559 1069 2615 foedasti
1104 2559 1295 2614 funere
1330 2560 1577 2613 voltus-st-

254 2639 341 2690 At
377 2651 487 2690 non
521 2635 630 2701 ille,
666 2640 846 2690 satum
881 2652 990 2704 quo
1025 2639 1087 2690 te
1121 2636 1383 2702 mentiris,
1423 2634 1667 2687 Achilles
1905 2646 1977 2687 540

255 2711 409 2766 Talis
442 2712 500 2765 in
535 2711 696 2766 hoste
729 2711 837 2766 fuit
873 2711 1123 2775 Priam03
1157 2709 1256 2764 sed
1292 2711 1411 2763 iura
1444 2707 1723 2777 fidemque

255 2786 532 2856 Supplicis
566 2786 801 2854 erubuit,
837 2803 1145 2857 corpusque
1180 2801 1455 2852 exsangue
1490 2783 1779 2853 sepulchro

256 2861 534 2917 Reddidit
571 2862 923 2931 Hectoreum,
956 2879 1156 2930 meque
1193 2860 1247 2915 in
1283 2875 1409 2914 mea
1440 2877 1611 2928 regna
1644 2860 1870 2916 remisit.

256 2937 354 2994 sic
388 2939 539 2992 fatus
575 2937 768 3006 senior,
805 2938 1089 3006 telumque
1121 2936 1324 2991 inbelle
1360 2936 1476 2990 sine
1511 2937 1625 2990 ictu
1769 2992 1782 3000 ,

257 3013 530 3084 Coniecit,
564 3030 730 3068 rauco
764 3012 916 3083 quod
945 3011 1197 3100 protinus
1232 3027 1359 3065 aere
1392 3011 1668 3080 repulsum
1732 3007 1737 3012 ’
1906 3018 1981 3058 545

257 3091 338 3144 Et
375 3106 593 3144 summo
626 3089 785 3158 clipei
819 3087 1148 3156 nequiquam
1184 3085 1419 3139 umbone
1452 3085 1727 3153 pependit

270 3163 371 3219 eui
408 3165 682 3282 ligrrhus:
720 3163 951 3217 Referes
985 3177 1119 3227 ergo
1152 3160 1288 3213 haec
1321 3163 1381 3212 et
1414 3159 1639 3211 nuntius
1670 3154 1775 3206 ibis
