2163 3401
197 80 288 148 1‘70
646 95 704 143 P.
744 95 1053 145 venenu
1092 94 1425 142 MARoms

198 177 500 228 Proxumus
535 177 600 228 ut
635 173 904 226 viridante
937 177 1061 226 toro
1099 173 1423 228 consederat
1458 173 1687 228 herbae:

199 251 427 317 Entello,
463 250 690 304 heroum
729 249 1004 318 quondam
1042 250 1342 304 fortissimo
1380 248 1601 318 frustra,

197 330 439 382 Tantane
473 331 588 380 tam
624 326 838 395 patiens
875 325 1023 378 nullo
1059 327 1358 380 certamine
1396 327 1516 381 tolli
1842 345 1917 383 aso

198 405 353 458 Dona
389 403 563 456 sines?
606 402 702 455 ubi
739 419 880 456 nunc
917 402 1074 456 nobis
1113 403 1249 457 deus
1287 403 1380 456 ille
1416 403 1681 472 magister

197 481 543 550 Nequiquam
578 484 912 532 memoratus
949 479 1130 548 Eryx?
1170 478 1266 532 ubi
1302 480 1449 532 fama
1483 495 1585 548 per
1621 497 1839 534 omnem

198 556 544 622 Trinacriam,
584 559 642 609 et
677 555 848 624 spolia
882 553 978 609 illa
1013 556 1125 610 tuis
1144 556 1461 626 ,pendentia
1496 557 1693 611 tectis?

201 634 303 687 Ille
341 630 443 686 sub
476 632 640 686 haec:
687 632 740 685 N
745 649 814 684 on
850 631 1027 686 laudis
1063 650 1234 701 amor,
1270 649 1371 686 nec
1405 632 1580 701 gloria
1615 634 1784 687 cessit

201 709 365 764 Pulsa
399 712 584 774 metu;
627 709 726 763 sed
761 709 905 762 enim
941 709 1158 778 gelidus
1194 709 1455 763 tardante
1493 713 1717 764 senecta
1844 725 1915 762 395

199 787 428 856 Sanguis
463 786 644 854 hebet,
681 785 994 855 frigentque
1031 787 1229 840 efletae
1265 787 1321 840 in
1358 804 1582 856 corpore
1618 787 1777 840 vires.

199 865 254 918 Si
290 865 438 929 mihi,
477 880 615 932 quae
653 862 926 931 quondam
964 863 1161 930 fuerat,
1201 879 1417 931 quaque
1452 863 1716 932 inprobus
1750 863 1858 915 iste

199 941 454 995 Exsultat
489 939 679 1006 fidens,
715 939 762 991 si
798 956 942 992 nunc
976 941 1121 993 toret
1157 939 1253 993 illa
1289 940 1553 1006 iuventae,

201 1016 368 1070 Haud
405 1016 657 1085 equidem
691 1017 869 1084 pretio
905 1016 1163 1070 inductus
1198 1016 1535 1086 pulchroque
1570 1015 1799 1069 iuvenco

197 1093 498 1159 Venissem‚
538 1110 636 1146 nee
655 1093 814 1146 dona
847 1111 1044 1147 moror.
1120 1094 1207 1147 Sic
1246 1093 1444 1147 deinde
1479 1092 1696 1146 locutus
1844 1104 1911 1143 400

200 1168 268 1223 In
303 1169 542 1222 medium
576 1170 820 1236 geminos
854 1169 1058 1222 inmani
1099 1169 1345 1238 pondere
1384 1171 1599 1221 caestus

200 1245 452 1312 Proiecit,
491 1246 689 1314 quibus
725 1263 850 1300 acer
889 1246 1036 1315 Eryx
1070 1245 1129 1298 in
1165 1245 1375 1314 proelia
1410 1248 1599 1298 suetus

199 1321 372 1376 Ferre
408 1338 629 1375 manum
668 1323 919 1392 duroque
955 1322 1245 1377 intendero
1282 1321 1535 1376 bracchia
1569 1325 1743 1390 tergo,

200 1397 531 1468 Obstipuere
568 1399 763 1453 animi:
805 1402 1085 1452 tantorum
1121 1399 1367 1466 ingentia
1404 1401 1615 1467 septem

199 1475 373 1544 Terga
406 1475 571 1529 boum
595 1476 832 1545 ‘plumbo
867 1475 1050 1530 insuto
1085 1477 1343 1545 ferroque
1380 1474 1647 1543 rigebant.
1843 1487 1913 1526 405

201 1553 349 1607 Ante
385 1553 557 1606 omnis
593 1557 778 1622 stupet
813 1553 929 1622 ipsc
969 1553 1157 1620 Dares,
1196 1553 1465 1622 longeque
1501 1552 1751 1616 recusat3

199 1629 688 1699 Magnanimusque
726 1629 1087 1683 Anchisiades
1124 1633 1183 1684 et
1217 1628 1431 1698 pondus
1468 1631 1527 1681 et
1560 1627 1685 1697 ipsa

199 1706 325 1761 Huc
357 1708 484 1760 illuc
519 1707 817 1761 vinclorum
833 1706 1099 1759 ‘inmensa
1135 1706 1408 1759 volumina
1443 1708 1640 1758 versat.

197 1782 333 1837 Tum
371 1784 550 1837 senior
585 1784 710 1837 talis
746 1782 1022 1836 referebat
1058 1786 1284 1852 pectore
1323 1798 1511 1837 voces:

199 1859 358 1925 Quid,
396 1861 438 1913 si
479 1860 600 1927 quis
635 1862 849 1913 caestus
885 1859 1055 1927 ipsius
1094 1862 1151 1912 et
1189 1858 1445 1912 Herculis
1480 1874 1633 1911 arma
1842 1870 1913 1909 410

199 1935 446 1990 Vidisset
479 1937 805 2004 tristemque
841 1935 942 1988 hoc
975 1934 1097 2001 ipso
1128 1934 1185 1986 in
1221 1934 1383 1988 litore
1417 1950 1654 2003 pugnam
1669 1937 1689 1987 't

203 2013 354 2066 Haec
386 2028 677 2080 germanus
713 2012 860 2079 Eryx
897 2010 1173 2080 quondam
1208 2013 1337 2064 tuus
1371 2028 1523 2064 arma
1554 2010 1786 2079 gerebat
1800 2032 1879 2077 ;-

199 2090 471 2157 Sanguine
508 2088 684 2141 cernis
720 2088 900 2142 adhuc
935 2086 1236 2156 sparsoque
1272 2086 1473 2141 infecta
1510 2088 1735 2141 cerebro
1753 2108 1839 2153 3—-

201 2165 306 2220 His
339 2182 596 2233 magnum
635 2164 869 2218 Alciden
905 2166 1098 2217 eontra
1134 2163 1323 2228 stetit3
1360 2163 1445 2217 his
1480 2180 1583 2231 ego
1620 2166 1820 2228 suetus,

199 2240 345 2295 Dum
379 2241 570 2295 melior
604 2241 735 2294 viris
773 2240 992 2308 sanguis
1030 2239 1215 2306 dabat,
1254 2240 1467 2293 aemula
1502 2239 1738 2293 necdum
1840 2254 1914 2291 415

199 2317 554 2387 Temporibus
587 2318 818 2385 geminis
854 2316 1085 2371 canebat
1123 2332 1311 2385 sparsa
1347 2319 1617 2371 senectus.

199 2393 309 2447 Sed
343 2394 390 2447 si
423 2397 612 2448 nostra
645 2393 836 2447 Dares'
854 2393 990 2446 haec
1027 2392 1221 2446 Troius
1256 2409 1407 2446 arma
1441 2395 1674 2460 recusat,

201 2470 379 2538 quue
413 2470 503 2539 pio
541 2470 700 2523 sedet
739 2472 974 2537 Aeneae,
1012 2467 1214 2537 probat
1250 2472 1439 2523 auctor
1481 2471 1726 2537 AcesteS,

203 2550 517 2615 Aequemus
552 2562 776 2615 pugnas,
852 2545 1037 2614 Erycis
1075 2545 1179 2599 tibi
1216 2549 1374 2614 terga
1408 2544 1666 2610 remitto;

201 2623 357 2677 Solve
393 2626 602 2687 metus;
643 2625 700 2675 ct
736 2626 800 2675 tu
837 2622 1097 2675 Troianos
1134 2638 1273 2675 exue
1310 2624 1537 2675 caestus
1842 2633 1913 2673 m

203 2700 356 2751 Haec
389 2699 535 2751 fatus
573 2698 844 2767 duplicem
883 2715 953 2751 ex
989 2698 1233 2751 humeris
1270 2697 1467 2751 reiecit
1502 2698 1774 2762 amictum,

203 2773 275 2825 Et
298 2790 522 2838 magnos
545 2775 916 2827 membrorum
941 2777 1113 2842 artuS,
1138 2791 1335 2842 magna
1360 2790 1483 2827 ossa
1506 2773 1851 2840 lacertosque

203 2847 385 2911 Exuit,
423 2852 588 2915 atque
623 2850 816 2917 ingens
851 2850 1033 2904 media
1069 2850 1319 2904 consistit
1354 2866 1531 2903 arena

205 2920 341 2971 Tum
379 2926 526 2973 satus
566 2924 805 2977 Anchisa
841 2931 1055 2979 caestus
1093 2930 1255 2995 pater
1290 2926 1492 2979 extulit
1528 2942 1751 2994 aequos,

208 2994 280 3045 Et
315 2996 536 3061 paribus
571 3000 779 3064 palmas
817 3002 1098 3055 amborum
1136 3002 1383 3057 innexuit
1420 3002 1601 3055 armis.
1848 3012 1921 3054 αἱ

208 3066 470 3121 Constitit
504 3070 561 3121 in
598 3072 797 3138 digitos
835 3078 1111 3147 extemplo
1149 3083 1395 3133 arrectus
1430 3081 1687 3146 uterque,

209 3139 579 3209 ¹3racchiaque
613 3146 686 3198 ad
721 3164 945 3216 superas
980 3152 1267 3208 interritus
1304 3154 1507 3209 extulit
1540 3170 1717 3209 auras.
1758 3148 1809 3219 O
