2163 3401
194 74 290 121 104
679 70 738 119 P.
775 68 1084 117 VERGILI
1120 67 1453 115 MARONIS

194 151 461 205 Constitit
498 155 665 218 atque
702 149 870 203 oculis
911 148 1151 217 Phrygia
1184 148 1403 217 agmina
1438 150 1862 220 circumspexit:

193 227 338 296 Heu,
366 244 506 295 quae
529 243 672 280 nunc
697 226 877 294 telluS,
901 226 1098 293 inquit,
1125 242 1268 295 quae
1290 242 1381 279 me
1400 243 1642 296 aequora
1659 232 1899 295 possunt

193 305 500 373 Accipere?
541 308 638 356 aut
661 302 796 372 quid
823 303 932 356 iam
957 302 1159 357 misero
1185 302 1317 355 mihi
1344 303 1587 371 denique
1610 308 1803 369 restat,
1868 320 1921 360 ’m

196 382 296 435 Cui
332 397 514 449 neque
550 379 700 447 apud
737 380 954 433 Danaos
991 395 1223 448 usquam
1262 378 1431 446 locus,
1460 382 1519 433 et
1554 397 1718 448 super
1752 381 1867 450 ipsi

195 457 545 511 Dardanidae
579 456 774 509 infensi
809 472 1013 525 poenas
1048 473 1173 509 cum
1212 455 1485 523 sanguine
1520 460 1789 525 poscunt?

195 535 313 598 Quo
347 534 560 601 gemitu
593 533 841 587 conversi
874 532 1057 601 animi,
1092 548 1447 602 compressus
1484 537 1543 587 et
1578 534 1754 587 omnis

196 611 456 679 Impetus.
532 610 836 663 Hortamur
871 608 1008 675 fari3
1049 626 1159 677 quo
1196 608 1465 677 sanguine
1502 613 1701 677 cretus,

196 687 408 751 Quidve
444 687 604 755 ferat,
643 689 926 752 memoret,
943 712 948 717 ·
964 702 1107 754 quae
1146 686 1218 738 sit
1255 684 1461 738 fiducia·
1488 689 1663 753 capto·
1872 702 1925 743 75

192 762 322 832 [llle
357 763 506 831 haec,
543 762 794 830 deposita
831 761 1056 815 tandem
1092 762 1403 829 formidine,
1437 759 1639 830 fatur-z]

264 839 473 893 Cuncta
491 838 747 907 equidem
767 837 884 903 tibi,
909 836 1049 906 Rex,
1075 838 1249 892 fuerit
1268 838 1669 907 quodcumque,
1690 838 1920 893 fatebor

195 915 360 983 Vera,
394 916 605 985 inquit3
643 932 822 984 neque
857 930 948 967 me
987 914 1250 982 Argolica
1286 915 1359 968 de
1394 918 1560 983 gente
1593 914 1840 983 negab03

197 992 319 1045 Hoc
352 992 618 1060 primum;
659 1006 775 1058 nec,
814 991 860 1044 si
895 990 1157 1043 miserum
1196 992 1440 1045 Fortuna
1476 991 1732 1045 Sinonem

197 1067 399 1135 Finxit,
436 1085 634 1121 vanum
672 1068 836 1121 etiam
877 1066 1312 1137 mendacemque
1346 1066 1578 1137 inproba
1612 1068 1799 1136 finget.
1862 1084 1918 1122 eo

197 1143 385 1197 Fando
420 1143 643 1212 aliquod
679 1143 725 1197 si
759 1144 902 1198 forte
940 1147 1066 1197 tuas
1104 1145 1361 1213 pervenit
1396 1144 1470 1198 ad
1504 1144 1652 1197 auris

84 1250 88 1255 ³
195 1219 422 1273 Belidae
457 1237 655 1273 nomen
696 1219 1007 1281 Palamedis
1045 1224 1106 1275 et
1141 1220 1351 1274 incluta
1385 1221 1529 1274 fama

195 1296 394 1363 Gloria,
431 1313 591 1364 quem
625 1296 764 1350 falsa
799 1296 900 1350 sub
938 1297 1255 1366 proditione
1294 1297 1508 1364 Pelasgi

197 1372 477 1426 Insontcm
513 1372 734 1426 infando
771 1371 988 1440 indiciO,
1027 1373 1157 1442 quia
1192 1373 1339 1427 bella
1372 1373 1609 1443 vetabat,

194 1448 476 1503 Demisere
509 1451 643 1518 neci,
678 1466 820 1504 nunc
855 1466 1066 1504 cassum
1107 1449 1310 1504 lumine
1346 1450 1563 1517 lugent:
1866 1471 1921 1510 ss

196 1525 284 1578 Illi
321 1543 409 1579 me
443 1526 698 1580 comitem
737 1529 796 1580 et
831 1526 1309 1595 consanguinitate
1343 1525 1715 1596 propinquum

196 1602 414 1671 Pauper
449 1603 502 1655 in
537 1620 692 1655 arma
725 1607 885 1671 pater
920 1603 1116 1672 primis
1151 1602 1258 1656 huc
1292 1603 1442 1656 misit
1476 1602 1547 1656 ab
1582 1603 1751 1659 annis.

193 1678 340 1732 Dum
376 1678 560 1733 stabat
596 1695 764 1747 regno
800 1680 1087 1734 incolumis
1124 1696 1425 1749 regumque
1460 1679 1683 1748 vigebat

194 1755 456 1823 Consiliis,
494 1760 553 1810 et
587 1772 685 1809 nos
721 1755 944 1825 aliquod
983 1773 1295 1825 nomenque
1331 1757 1607 1824 decusque

195 1832 485 1886 Gessimus.
563 1832 779 1886 Invidia
814 1838 1105 1903 postquam
1141 1833 1364 1902 pellacis
1398 1832 1615 1886 Ulixi—
1863 1835 1939 1888 ου’

195 1908 362 1961 Haud
398 1909 585 1976 ignota
620 1908 1097 1979 loquor—superis
1131 1910 1400 1963 concessit
1432 1908 1503 1962 ab
1538 1908 1649 1962 oris

196 1985 468 2038 Adflictas
504 1981 670 2039 vii-am
706 1987 761 2039 in
799 1986 1045 2040 tenebris
1080 1986 1343 2055 luctuque
1378 1983 1681 2052 trahebam,

195 2061 267 2114 Et
302 2078 486 2116 casum
522 2062 754 2116 insontis
789 2079 1001 2116 mecum
1037 2061 1365 2130 indignabar
1400 2061 1569 2116 amici.

195 2137 246 2190 N
251 2154 314 2191 ec
347 2138 493 2191 tacui
531 2138 770 2206 demenS,
793 2142 869 2202 ‚et
903 2155 1008 2206 me,
1044 2139 1159 2192 fors
1196 2139 1240 2191 si
1277 2155 1387 2206 qua
1420 2138 1655 2206 tulisset,

195 2214 253 2268 Si
286 2213 490 2283 patrios
526 2232 788 2284 umquam
814 2223 1154 2270 'remeassem
1196 2215 1370 2268 victor
1403 2214 1476 2267 ad
1517 2216 1715 2282 Argos,
1862 2235 1917 2274 ας

197 2290 424 2343 Promisi
459 2290 711 2359 ultorem,
749 2296 807 2346 et
843 2291 1024 2345 verbis
1064 2290 1191 2344 odia
1226 2307 1423 2359 aspera
1456 2290 1614 2344 movi.

195 2365 340 2420 Hinc
375 2366 509 2420 mihi
545 2367 721 2434 prima
757 2367 885 2420 mali
921 2367 1091 2434 labes,
1128 2366 1253 2420 hinc
1290 2383 1506 2436 semper
1542 2366 1737 2420 Ulixes

194 2442 521 2496 Criminibus
556 2448 766 2497 terrere
802 2443 969 2510 novis,
1005 2443 1133 2496 hinc
1168 2459 1428 2511 spargere
1463 2455 1622 2496 voces

195 2521 260 2572 Iu
298 2520 514 2588 volgum
550 2521 846 2588 ambiguas,
883 2523 942 2572 et
978 2537 1247 2588 quaerere
1284 2519 1526 2572 conscius
1562 2535 1733 2573 arma.

193 2597 309 2650 Nec
345 2597 615 2665 requievit
651 2597 810 2664 enim,
849 2596 1024 2650 donec
1061 2595 1379 2656 Calchante.
1398 2595 1720 2652 ministro—
1842 2613 1915 2649 ιω

193 2673 302 2726 Sed
329 2673 463 2741 quid
488 2691 590 2742 ego
615 2674 750 2727 haec
775 2678 959 2728 autem
985 2674 1316 2743 nequiquam
1341 2673 1559 2742 ingrata
1581 2674 1839 2728 revolvo?

196 2748 405 2809 Quidve
440 2765 636 2815 moror,
673 2750 717 2802 si
754 2751 929 2803 omnis
965 2767 1072 2804 uno
1112 2750 1305 2804 ordine
1340 2749 1557 2804 habetis
1594 2750 1853 2815 Achivos,

197 2821 377 2888 quue
412 2823 603 2876 audire
639 2829 725 2878 sat
760 2828 880 2879 est?
959 2826 1290 2880 Iamdudum
1328 2827 1527 2880 sumite
1562 2843 1795 2896 poenas;

197 2896 318 2948 Hoc
357 2897 578 2949 Ithacus
615 2900 760 2963 velit,
797 2906 855 2954 et
891 2918 1088 2969 magno
1124 2905 1444 2956 mercentur
1479 2903 1732 2958 Atridae.

265 2969 400 3023 Tum
436 2988 564 3024 vero
600 2973 854 3028 ardemus
891 2977 1075 3030 scitari
1114 2981 1171 3031 ct
1208 2994 1477 3045 quaerere
1513 2994 1747 3048 caussas,
1836 2993 1913 3033 10⁶

197 3044 383 3112 Ignari
418 3047 680 3100 scelerum
717 3053 991 3104 tantorum
1031 3054 1276 3121 artisque
1312 3053 1595 3123 Pelasgae.

200 3119 552 3189 Prosequitur
585 3123 848 3191 pavitans.
883 3130 941 3180 et
976 3127 1104 3182 ficto
1140 3132 1362 3196 pectore
1398 3131 1577 3187 fatur:
