2163 3401
779 124 1145 174 AENEIDOS
1180 126 1322 175 LIB.
1366 125 1427 173 V.
1478 170 1483 177 ,
1868 126 1955 173 161

256 207 444 272 Quove
479 207 654 275 magis
688 206 861 260 fessas
895 209 1083 275 optem
1118 205 1413 259 demittere
1446 207 1617 274 navis,

255 282 431 347 Quam
465 299 609 352 quae
644 282 982 337 Dardanium
1017 282 1184 336 tellus
1218 282 1351 336 mihi
1386 286 1571 337 servat
1606 282 1864 348 Acesten,
1917 296 1956 335 ε(

254 358 328 413 Et
362 360 540 428 patris
578 358 854 413 Anchisae
888 360 1099 426 gremio
1134 358 1499 428 conplectitur
1534 361 1688 414 ossa?

255 436 410 489 Haec
443 435 538 489 ubi
575 435 738 502 dieta,
774 439 972 504 petunt
1007 439 1215 505 portus,
1251 439 1309 490 et
1344 436 1465 491 vela
1499 437 1723 491 secundi

254 512 565 567 Intendunt
599 512 861 580 Zephyri3
894 513 1073 567 fertur
1108 512 1219 566 cita
1252 513 1473 581 gurgite
1509 514 1712 582 elassis,

251 588 327 643 Et
361 588 588 643 tandem
623 588 754 642 laeti
789 592 952 642 notae
987 589 1353 643 advertuntur
1388 606 1601 647 arenae.
1647 604 1701 661 <0

324 668 409 721 At
441 665 631 737 procul
668 664 882 717 excelso
918 665 1149 719 miratus
1184 666 1389 720 vertiee
1424 668 1629 722 montis
1919 678 1971 719 35

253 742 576 797 Adventum
611 740 891 810 sociasque
927 744 1074 795 rates
1110 743 1347 796 occurrit
1384 746 1635 811 Acesten,

253 818 531 871 Horridus
565 818 622 870 in
656 818 846 872 iaculis
878 820 938 871 et
973 819 1118 887 pelle
1156 819 1455 887 Libystidis
1486 836 1667 889 ursae,

251 895 417 949 Troia
449 894 682 949 Crimiso
717 897 1036 963 conceptum
1072 895 1297 949 flumine
1332 899 1511 950 mater

252 970 428 1036 Quem
464 971 667 1038 genuit.
742 969 1012 1025 Veterum
1046 987 1156 1024 non
1190 972 1459 1027 inmemor
1491 972 1585 1028 ille
1618 975 1913 1044 parentum

251 1048 522 1102 Gratatur
555 1046 786 1101 reduces
819 1053 882 1102 et
913 1064 1049 1116 gaza
1084 1048 1261 1103 laetus
1294 1051 1502 1117 agresti
1914 1062 1965 1104 4⁰

250 1124 487 1194 Excipit,
521 1140 586 1177 ae
618 1124 792 1178 fessos
825 1124 1020 1193 opibus
1055 1125 1265 1182 solatur
1297 1126 1498 1181 amicis.

319 1202 554 1255 Postera
589 1216 713 1254 cum
747 1201 923 1269 primo
959 1202 1149 1255 stellas
1184 1200 1413 1257 Oriente
1444 1203 1665 1271 fugarat

249 1277 415 1331 Clara
452 1278 587 1345 dies,
625 1277 798 1331 socios
834 1277 891 1331 in
927 1281 1145 1332 coetum
1180 1278 1345 1333 litore
1379 1279 1451 1333 ab
1486 1280 1632 1333 omni

249 1354 508 1408 Advocat
545 1356 783 1425 Aeneas,¹
815 1355 1123 1423 tumulique
1158 1371 1227 1408 ex
1262 1372 1465 1424 aggere
1498 1357 1673 1410 fatur:

248 1429 606 1484 Dardanidae
640 1431 838 1499 magni,
874 1447 1048 1499 genus
1084 1431 1197 1485 alto
1232 1448 1267 1484 a
1301 1432 1564 1500 sanguine
1600 1431 1802 1498 divom,
1914 1445 1985 1485 4⁵.

248 1507 488 1562 Annuus
523 1506 734 1561 exactis
767 1507 1051 1575 conpletur
1086 1506 1366 1560 mensibus
1402 1506 1566 1575 orbis,

249 1582 331 1636 Ex
369 1599 482 1653 quo
516 1582 780 1651 reliquias
818 1583 1102 1652 divinique
1138 1599 1263 1636 ossa
1297 1583 1542 1651 parentis

248 1659 614 1715 Condidimus
647 1663 800 1714 terra
834 1663 1183 1729 maestasque
1222 1660 1555 1714 sacravimus
1590 1676 1729 1715 aras.

249 1737 484 1807 Iamque
520 1736 655 1802 dies,
689 1737 795 1789 nisi
827 1735 1003 1803 fallor,
1035 1737 1213 1802 adest,
1244 1753 1407 1805 quem
1440 1753 1659 1807 semper
1688 1735 1965 1802 acerbum,

246 1813 483 1883 Semper
517 1813 992 1867 honoratum—sic
1028 1813 1086 1866 di
1124 1813 1673 1868 voluistis—habebo.
1916 1826 1965 1864 σο

247 1889 412 1945 Hunc
450 1907 554 1958 ego
591 1889 836 1946 Gaetulis
871 1906 1096 1958 agerem
1132 1889 1178 1943 si
1214 1889 1465 1959 Syrtibus
1501 1890 1673 1958 exsul,

246 1966 579 2036 Argolicove
614 1965 751 2019 mari
787 1966 1093 2036 deprensus
1127 1969 1185 2020 et
1220 1966 1357 2022 urbe
1392 1967 1669 2037 Mycenae,

247 2045 454 2097 Annua
489 2048 618 2096 vota
652 2045 838 2097 tamen
873 2043 1261 2112 sollemnisque
1295 2044 1488 2098 ordine
1522 2059 1748 2113 pompas

244 2119 616 2188 Exsequerer‚
653 2125 1032 2188 strueremque
1069 2121 1180 2173 suis
1216 2120 1413 2176 altaria
1447 2121 1618 2174 donis.

243 2196 295 2249 N
298 2212 408 2249 une
446 2195 595 2248 ultro
631 2195 703 2249 ad
739 2196 951 2250 cineres
987 2197 1159 2266 ipsius
1194 2201 1254 2252 et
1287 2214 1410 2251 ossa
1443 2197 1701 2266 perenm,
1916 2208 1967 2248 55

245 2272 420 2326 Haud
460 2271 717 2339 equidem
753 2273 870 2326 sine
903 2278 1089 2328 mente
1125 2290 1265 2341 reor,
1304 2274 1419 2327 sine
1454 2271 1675 2326 numine
1708 2269 1907 2337 divom,

243 2349 538 2402 Adsumus
573 2353 630 2402 et
665 2353 860 2416 portus
895 2349 1066 2403 delati
1102 2350 1371 2403 intramus
1404 2348 1621 2402 amieos.

241 2426 401 2493 Ergo
437 2425 604 2493 agite,
643 2429 702 2478 et
736 2425 942 2480 laetum
977 2426 1161 2480 cuneti
1197 2426 1536 2480 celebremus
1569 2424 1864 2488 honorem3

243 2501 549 2556 Poscamus
586 2505 791 2570 ventos,
827 2507 996 2572 atque
1032 2503 1167 2556 haec
1201 2519 1291 2556 me
1326 2519 1481 2556 saera
1516 2504 1653 2570 quot
1686 2499 1841 2554 annis

242 2579 404 2635 Urbe
443 2579 575 2634 velit
610 2580 789 2649 posita
824 2579 1048 2648 templis
1084 2578 1189 2634 sibi
1224 2580 1373 2634 ferre
1410 2578 1619 2638 dicatis.
1918 2589 1970 2628 oo

245 2657 392 2710 Bina
426 2655 593 2710 boum
630 2656 784 2710 vobis
819 2655 984 2709 Troia
1016 2658 1315 2724 generatus
1353 2655 1587 2708 Acestes

245 2731 364 2786 Dat
399 2748 628 2786 numero
661 2733 841 2800 capita
875 2733 933 2786 in
967 2733 1153 2796 navis3
1188 2731 1452 2785 adhibete
1490 2727 1713 2783 Penatis

247 2809 323 2863 Et
361 2809 570 2878 patrios
607 2809 782 2878 epulis
817 2812 876 2862 et
912 2823 1048 2877 quos
1085 2808 1215 2862 colit
1250 2807 1449 2875 hospes
1491 2806 1737 2859 Acestes.

244 2886 565 2952 Praeterea,
602 2885 646 2938 si
682 2901 826 2939 nona
861 2885 1007 2938 diem
1046 2883 1367 2937 mortalibus
1402 2882 1606 2936 almum

245 2963 473 3018 Aurora
509 2961 772 3014 extulerit
807 2961 1085 3028 radiisque
1121 2958 1390 3013 retexerit
1424 2957 1633 3021 orbem,
1922 2962 1973 3002 σε

243 3039 440 3093 Prima
473 3038 616 3091 citae
651 3036 876 3089 Teucris
909 3051 1111 3104 ponam
1145 3033 1443 3087 certamina
1478 3029 1695 3094 classis3

245 3114 473 3184 Quique
504 3113 710 3181 pedum
747 3127 911 3164 eursu
945 3111 1111 3176 valet,
1150 3113 1209 3162 et
1242 3107 1339 3176 qui
1372 3105 1577 3160 viribus
1610 3101 1795 3156 audax

244 3193 373 3246 Aut
407 3189 586 3245 iaculo
619 3187 830 3242 incedit
861 3186 1058 3240 melior
1092 3184 1413 3251 levibusque
1448 3177 1682 3247 sagittis,
