<?xml version="1.0" encoding="UTF-8"?>
<!DOCTYPE html PUBLIC "-//W3C//DTD XHTML 1.0 Transitional//EN"
    "http://www.w3.org/TR/xhtml1/DTD/xhtml1-transitional.dtd">
<html xmlns="http://www.w3.org/1999/xhtml" xml:lang="en" lang="en">
 <head>
  <title>
</title>
<meta http-equiv="Content-Type" content="text/html;charset=utf-8" />
  <meta name='ocr-system' content='tesseract 3.04.00' />
  <meta name='ocr-capabilities' content='ocr_page ocr_carea ocr_par ocr_line ocrx_word'/>
</head>
<body>
  <div class='ocr_page' id='page_1' title='image "./operaexrecensio04virggoog/operaexrecensio04virggoog_0242.png"; bbox 0 0 2163 3401; ppageno 0'>
   <div class='ocr_carea' id='block_1_1' title="bbox 191 123 1431 173">
    <p class='ocr_par' dir='ltr' id='par_1_1' title="bbox 191 123 1431 173">
     <span class='ocr_line' id='line_1_1' title="bbox 191 123 1431 173; baseline 0 0"><span class='ocrx_word' id='word_1_1' title='bbox 191 128 284 173; x_wconf 73' lang='lat'><strong>2:33</strong></span> <span class='ocrx_word' id='word_1_2' title='bbox 656 125 713 172; x_wconf 88' lang='lat' dir='ltr'><strong>P.</strong></span> <span class='ocrx_word' id='word_1_3' title='bbox 750 123 1061 172; x_wconf 74' lang='lat' dir='ltr'><strong>&#39;VERGILI</strong></span> <span class='ocrx_word' id='word_1_4' title='bbox 1098 124 1431 173; x_wconf 80' lang='lat' dir='ltr'><strong>MARONIS</strong></span> 
     </span>
    </p>
   </div>
   <div class='ocr_carea' id='block_1_2' title="bbox 186 203 1914 3237">
    <p class='ocr_par' dir='ltr' id='par_1_2' title="bbox 186 203 1914 3237">
     <span class='ocr_line' id='line_1_2' title="bbox 192 203 1363 274; baseline -0.001 -14"><span class='ocrx_word' id='word_1_5' title='bbox 192 212 237 261; x_wconf 86' lang='lat' dir='ltr'>A</span> <span class='ocrx_word' id='word_1_6' title='bbox 246 224 425 274; x_wconf 66' lang='lat' dir='ltr'><strong>eneam,</strong></span> <span class='ocrx_word' id='word_1_7' title='bbox 463 207 612 260; x_wconf 85' lang='lat' dir='ltr'><strong>tristi</strong></span> <span class='ocrx_word' id='word_1_8' title='bbox 648 204 905 260; x_wconf 83' lang='lat' dir='ltr'><strong>turbatus</strong></span> <span class='ocrx_word' id='word_1_9' title='bbox 941 209 1168 273; x_wconf 85' lang='lat' dir='ltr'><strong>pectora</strong></span> <span class='ocrx_word' id='word_1_10' title='bbox 1205 203 1363 271; x_wconf 84' lang='lat' dir='ltr'><strong>bello,</strong></span> 
     </span>
     <span class='ocr_line' id='line_1_3' title="bbox 188 281 1914 351; baseline 0.001 -14"><span class='ocrx_word' id='word_1_11' title='bbox 188 283 485 337; x_wconf 83' lang='lat' dir='ltr'><strong>Procubuit</strong></span> <span class='ocrx_word' id='word_1_12' title='bbox 520 298 810 350; x_wconf 81' lang='lat' dir='ltr'><strong>seramque</strong></span> <span class='ocrx_word' id='word_1_13' title='bbox 846 281 1005 335; x_wconf 89' lang='lat' dir='ltr'><strong>dedit</strong></span> <span class='ocrx_word' id='word_1_14' title='bbox 1040 299 1140 349; x_wconf 83' lang='lat' dir='ltr'><strong>per</strong></span> <span class='ocrx_word' id='word_1_15' title='bbox 1174 283 1422 335; x_wconf 85' lang='lat' dir='ltr'><strong>membra</strong></span> <span class='ocrx_word' id='word_1_16' title='bbox 1456 284 1722 351; x_wconf 85' lang='lat' dir='ltr'><strong>quietem.</strong></span> <span class='ocrx_word' id='word_1_17' title='bbox 1862 298 1914 339; x_wconf 74' lang='lat' dir='ltr'><strong>ao</strong></span> 
     </span>
     <span class='ocr_line' id='line_1_4' title="bbox 190 357 1586 427; baseline 0.001 -16"><span class='ocrx_word' id='word_1_18' title='bbox 190 360 335 414; x_wconf 90' lang='lat' dir='ltr'><strong>Iluie</strong></span> <span class='ocrx_word' id='word_1_19' title='bbox 373 360 509 413; x_wconf 89' lang='lat' dir='ltr'><strong>deus</strong></span> <span class='ocrx_word' id='word_1_20' title='bbox 543 360 663 427; x_wconf 86' lang='lat' dir='ltr'><strong>ipse</strong></span> <span class='ocrx_word' id='word_1_21' title='bbox 697 358 798 411; x_wconf 91' lang='lat' dir='ltr'><strong>loci</strong></span> <span class='ocrx_word' id='word_1_22' title='bbox 838 357 1002 410; x_wconf 87' lang='lat' dir='ltr'><strong>fluvio</strong></span> <span class='ocrx_word' id='word_1_23' title='bbox 1039 358 1325 411; x_wconf 86' lang='lat' dir='ltr'><strong>Tiberinus</strong></span> <span class='ocrx_word' id='word_1_24' title='bbox 1359 375 1586 413; x_wconf 87' lang='lat' dir='ltr'><strong>amoeno</strong></span> 
     </span>
     <span class='ocr_line' id='line_1_5' title="bbox 190 434 1506 509; baseline -0.001 -20"><span class='ocrx_word' id='word_1_25' title='bbox 190 436 459 506; x_wconf 85' lang='lat' dir='ltr'><strong>Populeas</strong></span> <span class='ocrx_word' id='word_1_26' title='bbox 494 436 643 489; x_wconf 86' lang='lat' dir='ltr'><strong>inter</strong></span> <span class='ocrx_word' id='word_1_27' title='bbox 680 434 860 488; x_wconf 87' lang='lat' dir='ltr'><strong>senior</strong></span> <span class='ocrx_word' id='word_1_28' title='bbox 896 451 955 487; x_wconf 86' lang='lat' dir='ltr'><strong>se</strong></span> <span class='ocrx_word' id='word_1_29' title='bbox 992 434 1248 487; x_wconf 79' lang='lat' dir='ltr'><strong>attollere</strong></span> <span class='ocrx_word' id='word_1_30' title='bbox 1283 434 1506 509; x_wconf 84' lang='lat' dir='ltr'><strong>frondes</strong></span> 
     </span>
     <span class='ocr_line' id='line_1_6' title="bbox 190 510 1505 579; baseline 0.001 -15"><span class='ocrx_word' id='word_1_31' title='bbox 190 513 388 579; x_wconf 83' lang='lat' dir='ltr'><strong>Visus;</strong></span> <span class='ocrx_word' id='word_1_32' title='bbox 437 528 563 567; x_wconf 86' lang='lat' dir='ltr'><strong>eum</strong></span> <span class='ocrx_word' id='word_1_33' title='bbox 601 512 783 565; x_wconf 88' lang='lat' dir='ltr'><strong>tenuis</strong></span> <span class='ocrx_word' id='word_1_34' title='bbox 818 511 1011 579; x_wconf 90' lang='lat' dir='ltr'><strong>glauco</strong></span> <span class='ocrx_word' id='word_1_35' title='bbox 1048 510 1268 564; x_wconf 89' lang='lat' dir='ltr'><strong>velabat</strong></span> <span class='ocrx_word' id='word_1_36' title='bbox 1303 511 1505 565; x_wconf 85' lang='lat' dir='ltr'><strong>amictu</strong></span> 
     </span>
     <span class='ocr_line' id='line_1_7' title="bbox 190 586 1610 655; baseline -0.001 -12"><span class='ocrx_word' id='word_1_37' title='bbox 190 588 476 654; x_wconf 78' lang='lat' dir='ltr'><strong>carbasus,</strong></span> <span class='ocrx_word' id='word_1_38' title='bbox 515 593 574 642; x_wconf 88' lang='lat' dir='ltr'><strong>et</strong></span> <span class='ocrx_word' id='word_1_39' title='bbox 610 589 779 642; x_wconf 88' lang='lat' dir='ltr'><strong>crinis</strong></span> <span class='ocrx_word' id='word_1_40' title='bbox 814 587 1071 641; x_wconf 83' lang='lat' dir='ltr'><strong>umbrosa</strong></span> <span class='ocrx_word' id='word_1_41' title='bbox 1106 586 1335 655; x_wconf 81' lang='lat' dir='ltr'><strong>tegebat</strong></span> <span class='ocrx_word' id='word_1_42' title='bbox 1369 588 1610 653; x_wconf 82' lang='lat' dir='ltr'><strong>arund03</strong></span> 
     </span>
     <span class='ocr_line' id='line_1_8' title="bbox 190 663 1907 731; baseline 0.001 -12"><span class='ocrx_word' id='word_1_43' title='bbox 190 665 325 719; x_wconf 89' lang='lat' dir='ltr'><strong>Tum</strong></span> <span class='ocrx_word' id='word_1_44' title='bbox 361 667 437 731; x_wconf 82' lang='lat' dir='ltr'><strong>sic</strong></span> <span class='ocrx_word' id='word_1_45' title='bbox 473 664 648 718; x_wconf 87' lang='lat' dir='ltr'><strong>adfari</strong></span> <span class='ocrx_word' id='word_1_46' title='bbox 686 667 745 717; x_wconf 91' lang='lat' dir='ltr'><strong>et</strong></span> <span class='ocrx_word' id='word_1_47' title='bbox 780 681 939 718; x_wconf 87' lang='lat' dir='ltr'><strong>curas</strong></span> <span class='ocrx_word' id='word_1_48' title='bbox 974 664 1061 717; x_wconf 89' lang='lat' dir='ltr'><strong>his</strong></span> <span class='ocrx_word' id='word_1_49' title='bbox 1099 663 1325 717; x_wconf 88' lang='lat' dir='ltr'><strong>demere</strong></span> <span class='ocrx_word' id='word_1_50' title='bbox 1361 663 1551 720; x_wconf 86' lang='lat' dir='ltr'><strong>dictis:</strong></span> <span class='ocrx_word' id='word_1_51' title='bbox 1783 726 1788 731; x_wconf 54' lang='grc'><strong>,</strong></span> <span class='ocrx_word' id='word_1_52' title='bbox 1857 680 1907 721; x_wconf 75' lang='lat'><strong>³⁵</strong></span> 
     </span>
     <span class='ocr_line' id='line_1_9' title="bbox 259 739 1836 811; baseline 0.001 -16"><span class='ocrx_word' id='word_1_53' title='bbox 259 742 305 795; x_wconf 95' lang='grc' dir='ltr'><strong>Ο</strong></span> <span class='ocrx_word' id='word_1_54' title='bbox 344 746 463 796; x_wconf 88' lang='lat' dir='ltr'><strong>sate</strong></span> <span class='ocrx_word' id='word_1_55' title='bbox 497 744 665 811; x_wconf 87' lang='lat' dir='ltr'><strong>gente</strong></span> <span class='ocrx_word' id='word_1_56' title='bbox 702 741 881 808; x_wconf 88' lang='lat' dir='ltr'><strong>deum,</strong></span> <span class='ocrx_word' id='word_1_57' title='bbox 920 740 1210 793; x_wconf 84' lang='lat' dir='ltr'>Troianam</span> <span class='ocrx_word' id='word_1_58' title='bbox 1248 757 1318 794; x_wconf 86' lang='lat' dir='ltr'><strong>ex</strong></span> <span class='ocrx_word' id='word_1_59' title='bbox 1353 739 1602 795; x_wconf 80' lang='lat' dir='ltr'><strong>hostibus</strong></span> <span class='ocrx_word' id='word_1_60' title='bbox 1636 741 1836 796; x_wconf 88' lang='lat' dir='ltr'><strong>urbem</strong></span> 
     </span>
     <span class='ocr_line' id='line_1_10' title="bbox 190 817 1657 885; baseline -0.001 -13"><span class='ocrx_word' id='word_1_61' title='bbox 190 817 295 881; x_wconf 85' lang='lat' dir='ltr'><strong>Qui</strong></span> <span class='ocrx_word' id='word_1_62' title='bbox 331 819 547 873; x_wconf 78' lang='lat' dir='ltr'><strong>revehis</strong></span> <span class='ocrx_word' id='word_1_63' title='bbox 584 817 743 872; x_wconf 87' lang='lat' dir='ltr'><strong>nobis</strong></span> <span class='ocrx_word' id='word_1_64' title='bbox 776 821 1115 885; x_wconf 89' lang='lat' dir='ltr'><strong>aeternaque</strong></span> <span class='ocrx_word' id='word_1_65' title='bbox 1155 818 1424 885; x_wconf 85' lang='lat' dir='ltr'><strong>Pergama</strong></span> <span class='ocrx_word' id='word_1_66' title='bbox 1457 834 1657 884; x_wconf 82' lang='lat' dir='ltr'><strong>servas,</strong></span> 
     </span>
     <span class='ocr_line' id='line_1_11' title="bbox 189 893 1531 964; baseline -0.001 -17"><span class='ocrx_word' id='word_1_67' title='bbox 189 895 521 964; x_wconf 82' lang='lat' dir='ltr'><strong>Exspectate</strong></span> <span class='ocrx_word' id='word_1_68' title='bbox 558 896 672 949; x_wconf 91' lang='lat' dir='ltr'><strong>solo</strong></span> <span class='ocrx_word' id='word_1_69' title='bbox 713 894 973 947; x_wconf 87' lang='lat' dir='ltr'><strong>Laurenti</strong></span> <span class='ocrx_word' id='word_1_70' title='bbox 1010 893 1266 961; x_wconf 81' lang='lat' dir='ltr'><strong>arvisque</strong></span> <span class='ocrx_word' id='word_1_71' title='bbox 1303 894 1531 961; x_wconf 83' lang='lat' dir='ltr'><strong>Latinis,</strong></span> 
     </span>
     <span class='ocr_line' id='line_1_12' title="bbox 192 969 1731 1038; baseline 0.001 -15"><span class='ocrx_word' id='word_1_72' title='bbox 192 970 299 1025; x_wconf 88' lang='lat' dir='ltr'><strong>Hic</strong></span> <span class='ocrx_word' id='word_1_73' title='bbox 334 970 436 1026; x_wconf 88' lang='lat' dir='ltr'><strong>tibi</strong></span> <span class='ocrx_word' id='word_1_74' title='bbox 474 976 628 1025; x_wconf 87' lang='lat' dir='ltr'><strong>certa</strong></span> <span class='ocrx_word' id='word_1_75' title='bbox 664 970 875 1038; x_wconf 89' lang='lat' dir='ltr'><strong>domus,</strong></span> <span class='ocrx_word' id='word_1_76' title='bbox 910 969 1061 1034; x_wconf 88' lang='lat' dir='ltr'><strong>certi,</strong></span> <span class='ocrx_word' id='word_1_77' title='bbox 1099 987 1170 1023; x_wconf 91' lang='lat' dir='ltr'><strong>ne</strong></span> <span class='ocrx_word' id='word_1_78' title='bbox 1207 969 1426 1037; x_wconf 87' lang='lat' dir='ltr'><strong>absiste,</strong></span> <span class='ocrx_word' id='word_1_79' title='bbox 1466 970 1731 1037; x_wconf 80' lang='lat' dir='ltr'><strong>Penates3</strong></span> 
     </span>
     <span class='ocr_line' id='line_1_13' title="bbox 189 1045 1908 1111; baseline 0.001 -11"><span class='ocrx_word' id='word_1_80' title='bbox 189 1046 239 1099; x_wconf 90' lang='lat' dir='ltr'>N</span> <span class='ocrx_word' id='word_1_81' title='bbox 245 1064 315 1101; x_wconf 89' lang='lat' dir='ltr'><strong>eu</strong></span> <span class='ocrx_word' id='word_1_82' title='bbox 348 1047 480 1101; x_wconf 91' lang='lat' dir='ltr'><strong>belli</strong></span> <span class='ocrx_word' id='word_1_83' title='bbox 514 1051 729 1101; x_wconf 87' lang='lat' dir='ltr'><strong>terrere</strong></span> <span class='ocrx_word' id='word_1_84' title='bbox 762 1046 954 1111; x_wconf 92' lang='lat' dir='ltr'><strong>minis;</strong></span> <span class='ocrx_word' id='word_1_85' title='bbox 993 1048 1181 1099; x_wconf 90' lang='lat' dir='ltr'><strong>tumor</strong></span> <span class='ocrx_word' id='word_1_86' title='bbox 1217 1045 1390 1099; x_wconf 88' lang='lat' dir='ltr'><strong>omnis</strong></span> <span class='ocrx_word' id='word_1_87' title='bbox 1426 1050 1484 1101; x_wconf 86' lang='lat' dir='ltr'><strong>et</strong></span> <span class='ocrx_word' id='word_1_88' title='bbox 1518 1046 1631 1100; x_wconf 87' lang='lat' dir='ltr'><strong>irae</strong></span> <span class='ocrx_word' id='word_1_89' title='bbox 1856 1062 1908 1101; x_wconf 73' lang='grc' dir='ltr'><em>ω</em></span> 
     </span>
     <span class='ocr_line' id='line_1_14' title="bbox 190 1123 736 1178; baseline 0.002 -1"><span class='ocrx_word' id='word_1_90' title='bbox 190 1123 518 1178; x_wconf 83' lang='lat' dir='ltr'><strong>Concessere</strong></span> <span class='ocrx_word' id='word_1_91' title='bbox 556 1123 736 1178; x_wconf 88' lang='lat' dir='ltr'><strong>deum.</strong></span> 
     </span>
     <span class='ocr_line' id='line_1_15' title="bbox 190 1199 1772 1269; baseline 0 -17"><span class='ocrx_word' id='word_1_92' title='bbox 190 1199 419 1268; x_wconf 90' lang='lat' dir='ltr'><strong>Iamque</strong></span> <span class='ocrx_word' id='word_1_93' title='bbox 453 1200 573 1265; x_wconf 82' lang='lat' dir='ltr'><strong>tibi,</strong></span> <span class='ocrx_word' id='word_1_94' title='bbox 610 1217 679 1254; x_wconf 87' lang='lat' dir='ltr'><strong>ne</strong></span> <span class='ocrx_word' id='word_1_95' title='bbox 716 1217 857 1254; x_wconf 84' lang='lat' dir='ltr'><strong>vana</strong></span> <span class='ocrx_word' id='word_1_96' title='bbox 891 1203 1055 1269; x_wconf 88' lang='lat' dir='ltr'><strong>putes</strong></span> <span class='ocrx_word' id='word_1_97' title='bbox 1091 1200 1229 1255; x_wconf 89' lang='lat' dir='ltr'><strong>haec</strong></span> <span class='ocrx_word' id='word_1_98' title='bbox 1263 1200 1472 1268; x_wconf 86' lang='lat' dir='ltr'><strong>fingere</strong></span> <span class='ocrx_word' id='word_1_99' title='bbox 1508 1214 1772 1267; x_wconf 88' lang='lat' dir='ltr'><strong>somnum,</strong></span> 
     </span>
     <span class='ocr_line' id='line_1_16' title="bbox 189 1274 1448 1345; baseline 0.001 -17"><span class='ocrx_word' id='word_1_100' title='bbox 189 1274 427 1330; x_wconf 88' lang='lat' dir='ltr'><strong>Litoreis</strong></span> <span class='ocrx_word' id='word_1_101' title='bbox 462 1276 656 1345; x_wconf 88' lang='lat' dir='ltr'><strong>ingens</strong></span> <span class='ocrx_word' id='word_1_102' title='bbox 691 1277 915 1330; x_wconf 85' lang='lat' dir='ltr'><strong>inventa</strong></span> <span class='ocrx_word' id='word_1_103' title='bbox 950 1274 1052 1328; x_wconf 91' lang='lat' dir='ltr'><strong>sub</strong></span> <span class='ocrx_word' id='word_1_104' title='bbox 1089 1275 1304 1329; x_wconf 85' lang='lat' dir='ltr'><strong>ilicibus</strong></span> <span class='ocrx_word' id='word_1_105' title='bbox 1339 1292 1448 1344; x_wconf 86' lang='lat' dir='ltr'><strong>sus,</strong></span> 
     </span>
     <span class='ocr_line' id='line_1_17' title="bbox 188 1351 1364 1421; baseline 0.001 -16"><span class='ocrx_word' id='word_1_106' title='bbox 188 1352 437 1421; x_wconf 77' lang='lat' dir='ltr'><strong>Triginta</strong></span> <span class='ocrx_word' id='word_1_107' title='bbox 471 1352 713 1421; x_wconf 89' lang='lat' dir='ltr'><strong>capitum</strong></span> <span class='ocrx_word' id='word_1_108' title='bbox 749 1352 898 1405; x_wconf 84' lang='lat' dir='ltr'><strong>fetus</strong></span> <span class='ocrx_word' id='word_1_109' title='bbox 933 1351 1110 1419; x_wconf 84' lang='lat' dir='ltr'><strong>enixa,</strong></span> <span class='ocrx_word' id='word_1_110' title='bbox 1147 1351 1364 1420; x_wconf 84' lang='lat' dir='ltr'><strong>iacebit,</strong></span> 
     </span>
     <span class='ocr_line' id='line_1_18' title="bbox 191 1426 1906 1495; baseline 0.002 -14"><span class='ocrx_word' id='word_1_111' title='bbox 191 1429 350 1495; x_wconf 79' lang='lat' dir='ltr'><strong>Alba,</strong></span> <span class='ocrx_word' id='word_1_112' title='bbox 390 1429 505 1483; x_wconf 91' lang='lat' dir='ltr'><strong>solo</strong></span> <span class='ocrx_word' id='word_1_113' title='bbox 540 1427 826 1495; x_wconf 75' lang='lat' dir='ltr'><strong>recubanS,</strong></span> <span class='ocrx_word' id='word_1_114' title='bbox 861 1426 973 1482; x_wconf 89' lang='lat' dir='ltr'><strong>albi</strong></span> <span class='ocrx_word' id='word_1_115' title='bbox 1010 1428 1215 1481; x_wconf 90' lang='lat' dir='ltr'><strong>circum</strong></span> <span class='ocrx_word' id='word_1_116' title='bbox 1251 1427 1424 1481; x_wconf 86' lang='lat' dir='ltr'><strong>ubera</strong></span> <span class='ocrx_word' id='word_1_117' title='bbox 1457 1428 1588 1483; x_wconf 86' lang='lat' dir='ltr'><strong>nati.</strong></span> <span class='ocrx_word' id='word_1_118' title='bbox 1853 1445 1906 1485; x_wconf 75' lang='lat'><strong>46</strong></span> 
     </span>
     <span class='ocr_line' id='line_1_19' title="bbox 188 1504 1674 1574; baseline 0 -16"><span class='ocrx_word' id='word_1_119' title='bbox 188 1505 299 1559; x_wconf 87' lang='lat' dir='ltr'><strong>Hic</strong></span> <span class='ocrx_word' id='word_1_120' title='bbox 332 1505 483 1559; x_wconf 90' lang='lat' dir='ltr'><strong>locus</strong></span> <span class='ocrx_word' id='word_1_121' title='bbox 518 1504 671 1558; x_wconf 89' lang='lat' dir='ltr'><strong>urbis</strong></span> <span class='ocrx_word' id='word_1_122' title='bbox 708 1504 831 1571; x_wconf 88' lang='lat' dir='ltr'><strong>erit,</strong></span> <span class='ocrx_word' id='word_1_123' title='bbox 869 1504 1087 1572; x_wconf 86' lang='lat' dir='ltr'><strong>requies</strong></span> <span class='ocrx_word' id='word_1_124' title='bbox 1124 1520 1192 1559; x_wconf 87' lang='lat' dir='ltr'><strong>ea</strong></span> <span class='ocrx_word' id='word_1_125' title='bbox 1225 1508 1377 1559; x_wconf 83' lang='lat' dir='ltr'><strong>certa</strong></span> <span class='ocrx_word' id='word_1_126' title='bbox 1411 1504 1674 1574; x_wconf 87' lang='lat' dir='ltr'><strong>laborum,</strong></span> 
     </span>
     <span class='ocr_line' id='line_1_20' title="bbox 188 1576 1558 1651; baseline -0.001 -17"><span class='ocrx_word' id='word_1_127' title='bbox 188 1581 276 1634; x_wconf 85' lang='lat' dir='ltr'><strong>Ex</strong></span> <span class='ocrx_word' id='word_1_128' title='bbox 313 1599 422 1651; x_wconf 93' lang='lat' dir='ltr'><strong>quo</strong></span> <span class='ocrx_word' id='word_1_129' title='bbox 458 1586 547 1637; x_wconf 87' lang='lat' dir='ltr'><strong>ter</strong></span> <span class='ocrx_word' id='word_1_130' title='bbox 583 1581 740 1635; x_wconf 88' lang='lat' dir='ltr'><strong>denis</strong></span> <span class='ocrx_word' id='word_1_131' title='bbox 776 1579 969 1634; x_wconf 88' lang='lat' dir='ltr'><strong>urbem</strong></span> <span class='ocrx_word' id='word_1_132' title='bbox 1005 1581 1370 1635; x_wconf 74' lang='lat' dir='ltr'><strong>redeuntibus</strong></span> <span class='ocrx_word' id='word_1_133' title='bbox 1405 1576 1558 1634; x_wconf 82' lang='lat' dir='ltr'><strong>annis</strong></span> 
     </span>
     <span class='ocr_line' id='line_1_21' title="bbox 188 1656 1488 1725; baseline 0.002 -15"><span class='ocrx_word' id='word_1_134' title='bbox 188 1659 456 1713; x_wconf 83' lang='lat' dir='ltr'><strong>Ascanius</strong></span> <span class='ocrx_word' id='word_1_135' title='bbox 490 1658 623 1714; x_wconf 88' lang='lat' dir='ltr'><strong>clari</strong></span> <span class='ocrx_word' id='word_1_136' title='bbox 658 1657 860 1713; x_wconf 90' lang='lat' dir='ltr'><strong>condet</strong></span> <span class='ocrx_word' id='word_1_137' title='bbox 894 1657 1232 1725; x_wconf 86' lang='lat' dir='ltr'><strong>cognominis</strong></span> <span class='ocrx_word' id='word_1_138' title='bbox 1271 1656 1488 1712; x_wconf 85' lang='lat' dir='ltr'><strong>Albam.</strong></span> 
     </span>
     <span class='ocr_line' id='line_1_22' title="bbox 189 1733 1846 1804; baseline 0.002 -17"><span class='ocrx_word' id='word_1_139' title='bbox 189 1734 357 1788; x_wconf 85' lang='lat' dir='ltr'><strong>Haud</strong></span> <span class='ocrx_word' id='word_1_140' title='bbox 391 1737 603 1789; x_wconf 86' lang='lat' dir='ltr'><strong>incerta</strong></span> <span class='ocrx_word' id='word_1_141' title='bbox 636 1751 786 1788; x_wconf 76' lang='lat' dir='ltr'><strong>cano,</strong></span> <span class='ocrx_word' id='word_1_142' title='bbox 860 1733 912 1786; x_wconf 88' lang='lat' dir='ltr'>N</span> <span class='ocrx_word' id='word_1_143' title='bbox 916 1750 1022 1787; x_wconf 91' lang='lat' dir='ltr'><strong>unc</strong></span> <span class='ocrx_word' id='word_1_144' title='bbox 1058 1751 1168 1803; x_wconf 90' lang='lat' dir='ltr'><strong>qua</strong></span> <span class='ocrx_word' id='word_1_145' title='bbox 1203 1734 1435 1802; x_wconf 87' lang='lat' dir='ltr'><strong>ratione,</strong></span> <span class='ocrx_word' id='word_1_146' title='bbox 1469 1733 1619 1804; x_wconf 89' lang='lat' dir='ltr'><strong>quod</strong></span> <span class='ocrx_word' id='word_1_147' title='bbox 1653 1733 1846 1804; x_wconf 68' lang='lat' dir='ltr'><strong>instat,</strong></span> 
     </span>
     <span class='ocr_line' id='line_1_23' title="bbox 187 1810 1910 1880; baseline 0.001 -16"><span class='ocrx_word' id='word_1_148' title='bbox 187 1811 462 1880; x_wconf 83' lang='lat' dir='ltr'><strong>Expedias</strong></span> <span class='ocrx_word' id='word_1_149' title='bbox 497 1812 686 1878; x_wconf 87' lang='lat' dir='ltr'><strong>victor,</strong></span> <span class='ocrx_word' id='word_1_150' title='bbox 723 1810 926 1879; x_wconf 87' lang='lat' dir='ltr'><strong>paucis,</strong></span> <span class='ocrx_word' id='word_1_151' title='bbox 964 1810 1209 1878; x_wconf 85' lang='lat' dir='ltr'><strong>adverte,</strong></span> <span class='ocrx_word' id='word_1_152' title='bbox 1248 1810 1469 1864; x_wconf 76' lang='lat' dir='ltr'><strong>docebo·</strong></span> <span class='ocrx_word' id='word_1_153' title='bbox 1855 1826 1910 1866; x_wconf 79' lang='grc' dir='ltr'><strong><em>ω</em></strong></span> 
     </span>
     <span class='ocr_line' id='line_1_24' title="bbox 188 1886 1640 1956; baseline -0.001 -14"><span class='ocrx_word' id='word_1_154' title='bbox 188 1888 438 1942; x_wconf 81' lang='lat' dir='ltr'><strong>Arcades</strong></span> <span class='ocrx_word' id='word_1_155' title='bbox 473 1888 558 1941; x_wconf 87' lang='lat' dir='ltr'><strong>his</strong></span> <span class='ocrx_word' id='word_1_156' title='bbox 594 1888 719 1954; x_wconf 91' lang='lat' dir='ltr'><strong>oris,</strong></span> <span class='ocrx_word' id='word_1_157' title='bbox 752 1903 929 1954; x_wconf 87' lang='lat' dir='ltr'><strong>genus</strong></span> <span class='ocrx_word' id='word_1_158' title='bbox 964 1903 999 1940; x_wconf 90' lang='lat' dir='ltr'><strong>a</strong></span> <span class='ocrx_word' id='word_1_159' title='bbox 1036 1886 1286 1941; x_wconf 84' lang='lat' dir='ltr'><strong>Pallante</strong></span> <span class='ocrx_word' id='word_1_160' title='bbox 1319 1888 1640 1956; x_wconf 82' lang='lat' dir='ltr'><strong>profectum,</strong></span> 
     </span>
     <span class='ocr_line' id='line_1_25' title="bbox 188 1962 1705 2032; baseline 0 -15"><span class='ocrx_word' id='word_1_161' title='bbox 188 1963 291 2028; x_wconf 87' lang='lat' dir='ltr'><strong>Qm·</strong></span> <span class='ocrx_word' id='word_1_162' title='bbox 328 1981 515 2032; x_wconf 83' lang='lat' dir='ltr'><strong>regem</strong></span> <span class='ocrx_word' id='word_1_163' title='bbox 553 1963 871 2016; x_wconf 88' lang='lat' dir='ltr'><strong>Euandrum</strong></span> <span class='ocrx_word' id='word_1_164' title='bbox 908 1962 1153 2030; x_wconf 88' lang='lat' dir='ltr'><strong>comites,</strong></span> <span class='ocrx_word' id='word_1_165' title='bbox 1190 1963 1286 2032; x_wconf 88' lang='lat' dir='ltr'><strong>qui</strong></span> <span class='ocrx_word' id='word_1_166' title='bbox 1325 1964 1481 2032; x_wconf 83' lang='lat' dir='ltr'><strong>signa</strong></span> <span class='ocrx_word' id='word_1_167' title='bbox 1515 1963 1705 2031; x_wconf 87' lang='lat' dir='ltr'><strong>secuti,</strong></span> 
     </span>
     <span class='ocr_line' id='line_1_26' title="bbox 186 2038 1665 2109; baseline 0 -17"><span class='ocrx_word' id='word_1_168' title='bbox 186 2039 454 2109; x_wconf 88' lang='lat' dir='ltr'><strong>Delegere</strong></span> <span class='ocrx_word' id='word_1_169' title='bbox 488 2039 665 2094; x_wconf 91' lang='lat' dir='ltr'><strong>locum</strong></span> <span class='ocrx_word' id='word_1_170' title='bbox 702 2043 761 2093; x_wconf 91' lang='lat' dir='ltr'><strong>et</strong></span> <span class='ocrx_word' id='word_1_171' title='bbox 796 2055 1028 2108; x_wconf 82' lang='lat' dir='ltr'><strong>posuere</strong></span> <span class='ocrx_word' id='word_1_172' title='bbox 1064 2038 1123 2092; x_wconf 90' lang='lat' dir='ltr'><strong>in</strong></span> <span class='ocrx_word' id='word_1_173' title='bbox 1159 2039 1436 2093; x_wconf 88' lang='lat' dir='ltr'><strong>montibus</strong></span> <span class='ocrx_word' id='word_1_174' title='bbox 1472 2040 1665 2092; x_wconf 88' lang='lat' dir='ltr'><strong>urbem</strong></span> 
     </span>
     <span class='ocr_line' id='line_1_27' title="bbox 187 2113 1434 2185; baseline -0.001 -16"><span class='ocrx_word' id='word_1_175' title='bbox 187 2115 450 2170; x_wconf 88' lang='lat' dir='ltr'><strong>Pallantis</strong></span> <span class='ocrx_word' id='word_1_176' title='bbox 484 2117 671 2185; x_wconf 81' lang='lat' dir='ltr'><strong>proavi</strong></span> <span class='ocrx_word' id='word_1_177' title='bbox 708 2115 780 2168; x_wconf 92' lang='lat' dir='ltr'><strong>de</strong></span> <span class='ocrx_word' id='word_1_178' title='bbox 818 2115 1035 2168; x_wconf 86' lang='lat' dir='ltr'><strong>nomine</strong></span> <span class='ocrx_word' id='word_1_179' title='bbox 1075 2113 1434 2168; x_wconf 83' lang='lat' dir='ltr'><strong>Pallanteum.</strong></span> 
     </span>
     <span class='ocr_line' id='line_1_28' title="bbox 186 2190 1909 2258; baseline 0.001 -12"><span class='ocrx_word' id='word_1_180' title='bbox 186 2192 265 2246; x_wconf 79' lang='lat' dir='ltr'><strong>Ili</strong></span> <span class='ocrx_word' id='word_1_181' title='bbox 298 2193 505 2246; x_wconf 87' lang='lat' dir='ltr'><strong>bellum</strong></span> <span class='ocrx_word' id='word_1_182' title='bbox 540 2191 770 2245; x_wconf 82' lang='lat' dir='ltr'><strong>adsidue</strong></span> <span class='ocrx_word' id='word_1_183' title='bbox 808 2190 1017 2244; x_wconf 88' lang='lat' dir='ltr'><strong>ducunt</strong></span> <span class='ocrx_word' id='word_1_184' title='bbox 1052 2207 1176 2244; x_wconf 92' lang='lat' dir='ltr'><strong>cum</strong></span> <span class='ocrx_word' id='word_1_185' title='bbox 1212 2195 1380 2258; x_wconf 88' lang='lat' dir='ltr'><strong>gente</strong></span> <span class='ocrx_word' id='word_1_186' title='bbox 1419 2191 1645 2256; x_wconf 78' lang='lat' dir='ltr'><strong>Latina3</strong></span> <span class='ocrx_word' id='word_1_187' title='bbox 1853 2207 1909 2247; x_wconf 71' lang='grc' dir='ltr'>ω</span> 
     </span>
     <span class='ocr_line' id='line_1_29' title="bbox 186 2267 1562 2336; baseline -0.001 -14"><span class='ocrx_word' id='word_1_188' title='bbox 186 2269 307 2322; x_wconf 91' lang='lat' dir='ltr'><strong>Hos</strong></span> <span class='ocrx_word' id='word_1_189' title='bbox 341 2270 534 2324; x_wconf 81' lang='lat' dir='ltr'><strong>castris</strong></span> <span class='ocrx_word' id='word_1_190' title='bbox 570 2267 772 2322; x_wconf 86' lang='lat' dir='ltr'><strong>adhibe</strong></span> <span class='ocrx_word' id='word_1_191' title='bbox 808 2267 996 2333; x_wconf 86' lang='lat' dir='ltr'><strong>socios,</strong></span> <span class='ocrx_word' id='word_1_192' title='bbox 1030 2270 1091 2320; x_wconf 87' lang='lat' dir='ltr'><strong>et</strong></span> <span class='ocrx_word' id='word_1_193' title='bbox 1125 2267 1350 2320; x_wconf 85' lang='lat' dir='ltr'><strong>foedera</strong></span> <span class='ocrx_word' id='word_1_194' title='bbox 1384 2267 1562 2336; x_wconf 88' lang='lat' dir='ltr'><strong>iunge.</strong></span> 
     </span>
     <span class='ocr_line' id='line_1_30' title="bbox 187 2343 1502 2413; baseline -0.002 -14"><span class='ocrx_word' id='word_1_195' title='bbox 187 2345 316 2413; x_wconf 90' lang='lat' dir='ltr'><strong>Ipse</strong></span> <span class='ocrx_word' id='word_1_196' title='bbox 350 2362 452 2412; x_wconf 87' lang='lat' dir='ltr'><strong>ego</strong></span> <span class='ocrx_word' id='word_1_197' title='bbox 490 2349 546 2400; x_wconf 88' lang='lat' dir='ltr'><strong>tc</strong></span> <span class='ocrx_word' id='word_1_198' title='bbox 580 2345 714 2413; x_wconf 86' lang='lat' dir='ltr'><strong>ripis</strong></span> <span class='ocrx_word' id='word_1_199' title='bbox 750 2350 809 2397; x_wconf 90' lang='lat' dir='ltr'><strong>et</strong></span> <span class='ocrx_word' id='word_1_200' title='bbox 845 2346 996 2398; x_wconf 88' lang='lat' dir='ltr'><strong>recto</strong></span> <span class='ocrx_word' id='word_1_201' title='bbox 1032 2343 1254 2396; x_wconf 88' lang='lat' dir='ltr'><strong>flumine</strong></span> <span class='ocrx_word' id='word_1_202' title='bbox 1289 2343 1502 2412; x_wconf 87' lang='lat' dir='ltr'><strong>ducam,</strong></span> 
     </span>
     <span class='ocr_line' id='line_1_31' title="bbox 187 2418 1660 2489; baseline -0.002 -14"><span class='ocrx_word' id='word_1_203' title='bbox 187 2421 500 2475; x_wconf 84' lang='lat' dir='ltr'><strong>Adversum</strong></span> <span class='ocrx_word' id='word_1_204' title='bbox 537 2422 701 2475; x_wconf 88' lang='lat' dir='ltr'><strong>remis</strong></span> <span class='ocrx_word' id='word_1_205' title='bbox 737 2436 963 2489; x_wconf 84' lang='lat' dir='ltr'><strong>superes</strong></span> <span class='ocrx_word' id='word_1_206' title='bbox 1001 2418 1297 2473; x_wconf 88' lang='lat' dir='ltr'><strong>subvectus</strong></span> <span class='ocrx_word' id='word_1_207' title='bbox 1331 2422 1397 2473; x_wconf 90' lang='lat' dir='ltr'><strong>ut</strong></span> <span class='ocrx_word' id='word_1_208' title='bbox 1431 2435 1660 2472; x_wconf 80' lang='lat' dir='ltr'><strong>amnem.</strong></span> 
     </span>
     <span class='ocr_line' id='line_1_32' title="bbox 188 2493 1744 2566; baseline -0.003 -14"><span class='ocrx_word' id='word_1_209' title='bbox 188 2497 365 2566; x_wconf 83' lang='lat' dir='ltr'><strong>Surge</strong></span> <span class='ocrx_word' id='word_1_210' title='bbox 400 2514 519 2566; x_wconf 87' lang='lat' dir='ltr'><strong>age,</strong></span> <span class='ocrx_word' id='word_1_211' title='bbox 555 2501 685 2550; x_wconf 85' lang='lat' dir='ltr'><strong>nate</strong></span> <span class='ocrx_word' id='word_1_212' title='bbox 722 2495 843 2564; x_wconf 88' lang='lat' dir='ltr'><strong>dea,</strong></span> <span class='ocrx_word' id='word_1_213' title='bbox 879 2495 1180 2564; x_wconf 88' lang='lat' dir='ltr'><strong>primisque</strong></span> <span class='ocrx_word' id='word_1_214' title='bbox 1215 2494 1540 2548; x_wconf 87' lang='lat' dir='ltr'><strong>cadentibus</strong></span> <span class='ocrx_word' id='word_1_215' title='bbox 1574 2493 1744 2548; x_wconf 85' lang='lat' dir='ltr'><strong>astris</strong></span> 
     </span>
     <span class='ocr_line' id='line_1_33' title="bbox 188 2570 1910 2641; baseline -0.001 -14"><span class='ocrx_word' id='word_1_216' title='bbox 188 2573 385 2627; x_wconf 88' lang='lat' dir='ltr'><strong>Iunoni</strong></span> <span class='ocrx_word' id='word_1_217' title='bbox 419 2574 507 2628; x_wconf 90' lang='lat' dir='ltr'><strong>fer</strong></span> <span class='ocrx_word' id='word_1_218' title='bbox 540 2573 650 2627; x_wconf 88' lang='lat' dir='ltr'><strong>rite</strong></span> <span class='ocrx_word' id='word_1_219' title='bbox 685 2587 892 2641; x_wconf 74' lang='lat' dir='ltr'><strong>preceS,</strong></span> <span class='ocrx_word' id='word_1_220' title='bbox 927 2570 1180 2639; x_wconf 83' lang='lat' dir='ltr'><strong>iramque</strong></span> <span class='ocrx_word' id='word_1_221' title='bbox 1217 2571 1501 2640; x_wconf 88' lang='lat' dir='ltr'><strong>minasque</strong></span> <span class='ocrx_word' id='word_1_222' title='bbox 1855 2586 1910 2625; x_wconf 83' lang='lat' dir='ltr'><strong>oo</strong></span> 
     </span>
     <span class='ocr_line' id='line_1_34' title="bbox 186 2647 1688 2719; baseline -0.004 -14"><span class='ocrx_word' id='word_1_223' title='bbox 186 2650 534 2719; x_wconf 84' lang='lat' dir='ltr'><strong>Supplicibus</strong></span> <span class='ocrx_word' id='word_1_224' title='bbox 568 2665 769 2718; x_wconf 85' lang='lat' dir='ltr'><strong>supera</strong></span> <span class='ocrx_word' id='word_1_225' title='bbox 804 2648 961 2703; x_wconf 83' lang='lat' dir='ltr'><strong>votis.</strong></span> <span class='ocrx_word' id='word_1_226' title='bbox 1039 2647 1178 2700; x_wconf 85' lang='lat' dir='ltr'><strong>Mihi</strong></span> <span class='ocrx_word' id='word_1_227' title='bbox 1217 2648 1393 2701; x_wconf 84' lang='lat' dir='ltr'><strong>victor</strong></span> <span class='ocrx_word' id='word_1_228' title='bbox 1425 2647 1688 2700; x_wconf 89' lang='lat' dir='ltr'><strong>honorem</strong></span> 
     </span>
     <span class='ocr_line' id='line_1_35' title="bbox 188 2722 1790 2792; baseline -0.001 -15"><span class='ocrx_word' id='word_1_229' title='bbox 188 2725 489 2778; x_wconf 78' lang='lat' dir='ltr'><strong>Pei-solves.</strong></span> <span class='ocrx_word' id='word_1_230' title='bbox 561 2725 679 2792; x_wconf 84' lang='lat' dir='ltr'><strong>Ego</strong></span> <span class='ocrx_word' id='word_1_231' title='bbox 716 2741 850 2790; x_wconf 86' lang='lat' dir='ltr'><strong>sum,</strong></span> <span class='ocrx_word' id='word_1_232' title='bbox 886 2724 1047 2792; x_wconf 81' lang='lat' dir='ltr'><strong>pleno</strong></span> <span class='ocrx_word' id='word_1_233' title='bbox 1085 2739 1250 2791; x_wconf 89' lang='lat' dir='ltr'><strong>quem</strong></span> <span class='ocrx_word' id='word_1_234' title='bbox 1285 2723 1507 2776; x_wconf 88' lang='lat' dir='ltr'><strong>flumine</strong></span> <span class='ocrx_word' id='word_1_235' title='bbox 1541 2722 1725 2776; x_wconf 82' lang='lat' dir='ltr'><strong>cernis</strong></span> <span class='ocrx_word' id='word_1_236' title='bbox 1769 2733 1790 2750; x_wconf 74' lang='lat'><em>0</em></span> 
     </span>
     <span class='ocr_line' id='line_1_36' title="bbox 188 2798 1604 2866; baseline 0.001 -18"><span class='ocrx_word' id='word_1_237' title='bbox 188 2798 558 2864; x_wconf 73' lang='lat' dir='ltr'><strong>Sti-ingentem</strong></span> <span class='ocrx_word' id='word_1_238' title='bbox 593 2801 741 2866; x_wconf 86' lang='lat' dir='ltr'><strong>ripas</strong></span> <span class='ocrx_word' id='word_1_239' title='bbox 778 2802 837 2852; x_wconf 91' lang='lat' dir='ltr'><strong>et</strong></span> <span class='ocrx_word' id='word_1_240' title='bbox 871 2798 1097 2866; x_wconf 86' lang='lat' dir='ltr'><strong>pinguia</strong></span> <span class='ocrx_word' id='word_1_241' title='bbox 1131 2798 1278 2852; x_wconf 89' lang='lat' dir='ltr'><strong>culta</strong></span> <span class='ocrx_word' id='word_1_242' title='bbox 1313 2801 1604 2865; x_wconf 87' lang='lat' dir='ltr'><strong>secantem,</strong></span> 
     </span>
     <span class='ocr_line' id='line_1_37' title="bbox 188 2870 1553 2941; baseline 0.003 -19"><span class='ocrx_word' id='word_1_243' title='bbox 188 2870 481 2922; x_wconf 84' lang='lat' dir='ltr'><strong>Caeruleus</strong></span> <span class='ocrx_word' id='word_1_244' title='bbox 516 2872 765 2940; x_wconf 80' lang='lat' dir='ltr'><strong>Thybris,</strong></span> <span class='ocrx_word' id='word_1_245' title='bbox 800 2872 951 2926; x_wconf 80' lang='lat' dir='ltr'><strong>caelo</strong></span> <span class='ocrx_word' id='word_1_246' title='bbox 986 2873 1330 2941; x_wconf 82' lang='lat' dir='ltr'><strong>gratissimus</strong></span> <span class='ocrx_word' id='word_1_247' title='bbox 1363 2874 1553 2926; x_wconf 82' lang='lat' dir='ltr'><strong>amnis.</strong></span> 
     </span>
     <span class='ocr_line' id='line_1_38' title="bbox 190 2943 1902 3017; baseline 0.007 -23"><span class='ocrx_word' id='word_1_248' title='bbox 190 2943 300 2994; x_wconf 90' lang='lat' dir='ltr'><strong>Hic</strong></span> <span class='ocrx_word' id='word_1_249' title='bbox 335 2943 465 2994; x_wconf 88' lang='lat' dir='ltr'><strong>mihi</strong></span> <span class='ocrx_word' id='word_1_250' title='bbox 501 2961 696 3012; x_wconf 87' lang='lat' dir='ltr'><strong>magna</strong></span> <span class='ocrx_word' id='word_1_251' title='bbox 732 2948 941 3014; x_wconf 88' lang='lat' dir='ltr'><strong>domus,</strong></span> <span class='ocrx_word' id='word_1_252' title='bbox 978 2948 1138 3002; x_wconf 87' lang='lat' dir='ltr'><strong>celsis</strong></span> <span class='ocrx_word' id='word_1_253' title='bbox 1173 2953 1341 3016; x_wconf 86' lang='lat' dir='ltr'><strong>caput</strong></span> <span class='ocrx_word' id='word_1_254' title='bbox 1374 2948 1619 3017; x_wconf 86' lang='lat' dir='ltr'><strong>urbibus,</strong></span> <span class='ocrx_word' id='word_1_255' title='bbox 1656 2951 1794 3005; x_wconf 83' lang='lat' dir='ltr'><strong>exit.</strong></span> <span class='ocrx_word' id='word_1_256' title='bbox 1851 2965 1902 3005; x_wconf 73' lang='lat' dir='ltr'><strong>es</strong></span> 
     </span>
     <span class='ocr_line' id='line_1_39' title="bbox 258 3014 1623 3090; baseline 0.01 -26"><span class='ocrx_word' id='word_1_257' title='bbox 258 3014 427 3079; x_wconf 85' lang='lat' dir='ltr'><strong>Dixit,</strong></span> <span class='ocrx_word' id='word_1_258' title='bbox 464 3017 663 3072; x_wconf 88' lang='lat' dir='ltr'><strong>deinde</strong></span> <span class='ocrx_word' id='word_1_259' title='bbox 696 3021 819 3075; x_wconf 79' lang='lat' dir='ltr'><strong>lacu</strong></span> <span class='ocrx_word' id='word_1_260' title='bbox 857 3023 1079 3077; x_wconf 85' lang='lat' dir='ltr'><strong>Fluvius</strong></span> <span class='ocrx_word' id='word_1_261' title='bbox 1115 3041 1176 3078; x_wconf 87' lang='lat' dir='ltr'><strong>se</strong></span> <span class='ocrx_word' id='word_1_262' title='bbox 1211 3023 1458 3078; x_wconf 89' lang='lat' dir='ltr'><strong>condidit</strong></span> <span class='ocrx_word' id='word_1_263' title='bbox 1492 3025 1623 3090; x_wconf 88' lang='lat' dir='ltr'><strong>alt0,</strong></span> 
     </span>
     <span class='ocr_line' id='line_1_40' title="bbox 193 3087 1639 3171; baseline 0.012 -34"><span class='ocrx_word' id='word_1_264' title='bbox 193 3087 313 3138; x_wconf 73' lang='lat' dir='ltr'><strong>Ima</strong></span> <span class='ocrx_word' id='word_1_265' title='bbox 335 3092 571 3171; x_wconf 33' lang='lat' dir='ltr'><strong>‘petens;</strong></span> <span class='ocrx_word' id='word_1_266' title='bbox 615 3107 723 3145; x_wconf 88' lang='lat' dir='ltr'><strong>nox</strong></span> <span class='ocrx_word' id='word_1_267' title='bbox 763 3101 987 3150; x_wconf 85' lang='lat' dir='ltr'><strong>Aenean</strong></span> <span class='ocrx_word' id='word_1_268' title='bbox 1026 3115 1362 3169; x_wconf 89' lang='lat' dir='ltr'><strong>somnusque</strong></span> <span class='ocrx_word' id='word_1_269' title='bbox 1398 3099 1639 3169; x_wconf 87' lang='lat' dir='ltr'><strong>reliquit.</strong></span> 
     </span>
     <span class='ocr_line' id='line_1_41' title="bbox 248 3163 1494 3237; baseline 0.012 -23"><span class='ocrx_word' id='word_1_270' title='bbox 248 3163 391 3227; x_wconf 51' lang='grc' dir='ltr'><strong>’τεὼ</strong></span> <span class='ocrx_word' id='word_1_271' title='bbox 428 3165 501 3224; x_wconf 90' lang='lat' dir='ltr'><strong>et,</strong></span> <span class='ocrx_word' id='word_1_272' title='bbox 536 3165 761 3221; x_wconf 76' lang='lat' dir='ltr'><strong>aetherii</strong></span> <span class='ocrx_word' id='word_1_273' title='bbox 798 3176 1048 3237; x_wconf 75' lang='lat' dir='ltr'><strong>spectans</strong></span> <span class='ocrx_word' id='word_1_274' title='bbox 1085 3176 1318 3231; x_wconf 87' lang='lat' dir='ltr'><strong>orientia</strong></span> <span class='ocrx_word' id='word_1_275' title='bbox 1351 3174 1494 3231; x_wconf 80' lang='lat' dir='ltr'><strong>Solis</strong></span> 
     </span>
    </p>
   </div>
  </div>
 </body>
</html>
