2163 3401
760 106 1132 155 AENEIDOS
1168 105 1305 153 ΠΒ.
1344 106 1413 155 X.
1662 118 1670 125 ·
1866 110 1959 162 287

251 183 538 253 Ingemuit
572 182 684 238 cari
717 184 964 251 graviter
996 185 1265 253 genitoris
1298 201 1499 255 amore,

248 261 332 317 Ut
366 260 526 327 vidit,
563 258 792 327 Lausus,
827 260 1193 331 lacrimaeque
1228 278 1329 331 per
1363 278 1461 315 ora
1494 262 1727 319 volutae.
1886 277 1962 321 vso

249 336 364 391 Hic
397 335 594 389 mortis
628 334 801 390 durae
838 352 1024 389 casum
1057 342 1266 405 tuaque
1301 341 1529 408 optuma
1558 340 1719 406 facta,

247 412 309 466 Si
346 430 459 482 qua
492 411 662 465 fidem
697 415 854 467 tanto
889 416 978 466 est
1012 413 1167 481 operi
1201 413 1383 467 latura.
1415 418 1675 481 vetustas,

247 488 301 541 N
305 506 378 542 on
414 487 688 557 equidem,
721 504 822 543 nec
857 492 930 554 te,
967 488 1181 542 iuvenis
1214 489 1581 557 memorande,
1619 490 1805 546 silebo.

247 564 358 619 Ille
391 564 594 632 pedem
629 564 874 617 referens
908 567 970 619 et
1003 564 1233 618 inutilis.
1249 565 1417 634 inque
1450 566 1651 635 ligatus

249 639 516 705 Cedebat,
553 639 838 707 clipeoque
873 639 1153 695 inimicum
1189 641 1387 695 hastile
1423 643 1691 698 trahebat.
1887 660 1959 700 ⁷95

249 716 536 785 Proripuit
569 715 782 769 iuvenis
817 732 1050 785 seseque
1081 717 1364 771 inmiscuit
1396 719 1577 784 armis,

247 792 484 861 Iamque
517 791 870 859 adsurgentis
905 791 1106 848 dextra
1138 793 1465 862 plagamque
1499 794 1727 848 ferentis

249 871 476 921 Aeneae
511 867 684 921 subiit
717 884 1047 935 mucronem,
1084 869 1375 939 ipsumque
1409 869 1675 923 morando

247 943 556 1009 Sustinuit3
591 944 722 997 socii
755 960 952 1013 magno
986 944 1223 999 clamore
1259 949 1577 1013 sequuntur,

245 1020 398 1073 Dum
431 1020 651 1088 genitor
685 1020 804 1074 nati
838 1036 1028 1089 parma
1061 1024 1348 1089 protectus
1384 1021 1581 1089 abiret,
1885 1037 1959 1075 sou

246 1096 489 1165 Telaque
525 1096 841 1163 coniiciunt,
876 1097 1321 1165 proturbantque
1356 1096 1567 1155 eminus
1601 1096 1817 1151 hostem

245 1172 570 1227 Missilibus.
644 1172 808 1228 Furit
845 1173 1081 1241 Aeneae,
1116 1176 1411 1242 tectusque
1446 1176 1603 1228 tenet
1638 1190 1711 1227 se.

247 1252 336 1303 Ac
371 1250 526 1303 velut
560 1249 736 1309 effusa
769 1248 817 1303 si
854 1248 1076 1317 quando
1110 1250 1383 1317 grandine
1416 1250 1589 1305 nimbi

247 1325 638 1395 Praecipitant,
676 1325 852 1379 omnis
887 1325 1095 1393 campis
1130 1326 1350 1394 diffugit
1386 1331 1585 1393 arator,

247 1402 440 1456 Omnis
477 1406 536 1456 et
553 1400 822 1469 agricola,
859 1404 916 1455 et
951 1404 1076 1455 tuta
1111 1401 1249 1455 latet
1284 1418 1411 1455 arce
1446 1402 1641 1470 viator,
1884 1420 1957 1458 sos

250 1479 367 1532 Aut
403 1478 578 1531 amnis
612 1478 761 1547 ripis,
798 1480 898 1534 aut
931 1477 1030 1532 alti
1064 1478 1271 1533 fornice
1306 1478 1439 1545 saxi,

245 1554 392 1608 Dum
425 1554 572 1625 pluit
605 1554 663 1607 in
697 1554 880 1621 terris,
917 1556 982 1607 ut
1017 1554 1227 1622 possint
1264 1553 1377 1607 sole
1414 1552 1643 1607 reducto

244 1631 519 1688 Exercere
553 1630 728 1685 diem:
775 1630 852 1685 sic
887 1629 1119 1684 obrutus
1152 1629 1403 1697 undique
1432 1628 1558 1683 telis

244 1712 468 1763 Aeneas
501 1709 703 1764 nubem
739 1707 886 1776 belli,
922 1707 1056 1762 dum
1093 1706 1325 1762 detonet
1359 1707 1549 1773 omnis,

244 1785 504 1849 Sustinet,
540 1788 600 1838 ct
636 1785 875 1838 Lausum
910 1783 1209 1852 increpitat
1244 1783 1533 1852 Lausoque
1567 1783 1833 1840 minatur:
1882 1799 1957 1840 010

244 1861 366 1925 Quo
402 1861 668 1914 moriture
704 1859 834 1926 ruis,
867 1860 1187 1928 maioraque
1221 1859 1432 1914 viribus
1464 1859 1675 1914 audes?

243 1937 412 1991 Fallit
445 1939 506 1990 te
538 1936 818 1989 incautum
852 1936 1032 2004 pietas
1065 1939 1177 1990 tua.
1248 1935 1301 1990 N
1304 1952 1369 1990 ec
1402 1936 1581 1990 minus
1616 1935 1709 1991 ille

244 2012 502 2066 Exsultat
538 2012 794 2076 demens;
851 2027 1047 2066 saevae
1083 2011 1305 2080 iamque
1340 2013 1507 2067 altius
1540 2013 1654 2066 irae

241 2088 524 2142 Dardanio
559 2091 794 2156 surgunt
829 2087 1062 2156 ductori,
1100 2091 1459 2158 extremaque
1497 2088 1675 2142 Lauso

243 2164 464 2219 Parcae·
484 2164 578 2218 fila
610 2165 828 2232 legunt:
865 2163 1109 2216 validum
1144 2180 1385 2230 namque
1418 2163 1592 2230 exigit
1628 2179 1815 2216 ensem
1880 2179 1955 2218 81³

242 2240 354 2293 Per
386 2240 632 2294 medium
673 2243 892 2294 Aeneas
926 2239 1194 2305 iuvenem,
1231 2241 1523 2306 totumque
1557 2236 1825 2292 recondit.

240 2316 484 2370 Transiit
517 2320 578 2370 et
613 2332 860 2384 parmam
895 2332 1101 2382 mucro,
1137 2313 1281 2368 levia
1314 2329 1467 2366 arma
1501 2313 1741 2380 minacis,

239 2393 315 2445 Et
349 2392 607 2459 tunicam,
643 2392 792 2446 molli
826 2395 1024 2450 mater·
1041 2407 1209 2460 quam
1242 2393 1471 2446 neverat
1504 2406 1651 2456 aure,

238 2467 590 2536 Inplevitque
625 2467 806 2531 sinum
841 2467 1091 2535 sanguis;
1126 2471 1246 2520 tum
1281 2468 1396 2522 vita
1428 2483 1529 2536 per
1564 2481 1725 2519 auras

238 2543 524 2598 Concessit
557 2546 772 2598 maesta
805 2543 879 2598 ad
915 2543 1113 2611 Manis,
1148 2559 1455 2612 corpusque
1490 2542 1727 2607 reliquit.
1880 2553 1953 2594 sao

243 2622 324 2674 At
357 2635 488 2674 vero
522 2623 589 2674 ut
621 2619 832 2674 voltum
867 2618 1010 2672 vidit
1042 2619 1328 2673 morientis
1364 2621 1422 2672 et
1457 2634 1568 2683 ora,

237 2695 352 2750 Ora
385 2695 566 2750 modis
606 2695 972 2750 Anchisiades
1003 2695 1267 2764 pallentia
1300 2693 1469 2762 miris,

236 2771 525 2840 Ingemuit
558 2772 824 2826 miserans
858 2771 1119 2838 graviter,
1156 2770 1520 2838 dextramque
1556 2767 1812 2835 tetendit,

236 2847 311 2901 Et
345 2851 590 2902 mentem
624 2847 842 2917 patriae
878 2847 1048 2902 subiit
1083 2846 1309 2916 pietatis
1344 2847 1539 2914 imago,

236 2923 386 2989 Quid
420 2923 528 2979 tibi
563 2941 723 2991 nunc,
759 2923 1072 2978 miserande
1108 2939 1263 2990 puer,
1286 2939 1385 2990 pro
1422 2921 1679 2975 laudibus
1713 2921 1851 2982 istis,
1876 2934 1950 2972 ess

236 3000 384 3066 Quid
417 3000 544 3070 pius
582 3001 800 3054 Aeneas
832 3002 990 3053 tanta
1024 2998 1183 3053 dabit
1217 2998 1401 3052 indole
1436 2997 1700 3064 dignum?

235 3079 428 3146 Arma,
465 3076 666 3146 quibus
701 3075 956 3142 laetatuS,
981 3074 1127 3128 habe
1162 3075 1287 3139 tua;
1324 3075 1493 3142 teque
1526 3075 1817 3140 parentum

232 3151 494 3208 Manibus
527 3155 589 3206 et
610 3150 796 3218 cineri,
831 3149 880 3204 si
916 3167 1026 3218 qua
1059 3151 1147 3204 est
1182 3165 1249 3202 ea
1282 3164 1427 3215 cura,
1463 3147 1703 3204 remitto.
