2163 3401
159 92 250 138 148
604 82 662 131 P.
677 78 1010 128 .VER.G1L1
1043 78 1309 128 MARON
1312 77 1378 126 IS

160 168 378 223 Italiam
412 166 650 233 regeret,
685 177 861 229 genus
894 160 1008 215 alto
1043 177 1078 214 a
1114 160 1377 229 sanguine
1412 159 1609 214 Teucri
1685 182 1688 187 v
1800 171 1883 213 ιω

159 243 442 309 Proderet,
479 256 543 293 ac
578 241 758 292 totum
797 236 899 291 sub
933 236 1086 305 leges
1121 239 1369 291 mitteret
1404 235 1609 289 orbem.

159 322 216 376 Si
251 318 401 373 nulla
439 314 686 369 accendit
723 316 1001 367 tantarum
1037 312 1213 382 gloria
1247 328 1430 365 rerum

161 399 212 453 N
216 413 280 451 ec
315 410 479 464 super
514 393 632 461 ipse
671 408 768 444 sua
803 388 1027 443 molitur
1063 389 1227 443 laude
1260 388 1521 453 laborem,

163 474 464 530 Ascanione
501 473 660 539 pater
698 466 972 521 Romanas
1007 465 1218 519 invidet
1251 466 1439 519 arces?

163 551 307 619 Quid
331 548 527 603 struit?
557 549 654 599 aut
678 560 789 615 qua
813 560 926 612 spe,
950 542 1171 597 inimica
1205 544 1264 596 in
1286 547 1465 612 gente,
1488 544 1749 603 moratur,
1804 554 1884 595 235

163 630 280 683 Nec
313 625 522 695 prolem
563 621 864 678 Ausoniam
902 625 958 675 et
995 620 1219 674 Lavinia
1254 621 1477 689 respicit
1510 618 1674 672 arva?

165 706 427 772 Naviget:
468 702 601 754 hacc
637 716 848 753 summa
883 701 1000 761 est3
1033 697 1123 749 hie
1157 698 1333 751 nostri
1368 696 1589 749 nuntius
1625 699 1763 748 esto.

231 781 472 835 Dixerat.
549 777 652 830 Ille
688 776 860 845 patris
896 774 1078 843 magni
1115 790 1311 844 parere
1346 772 1575 843 parabat

176 857 416 925 'uperi03
453 859 511 909 et
548 855 781 923 primum
822 851 1055 922 pedibus
1093 853 1288 907 talaria
1323 852 1509 917 nectit,
1867 909 1874 914 ,

167 938 368 1000 Aurea,
407 949 548 1001 quae
587 930 872 984 sublimem
909 930 1009 983 alis
1047 931 1159 983 sive
1194 944 1433 997 aequora
1467 940 1631 995 supra
1718 941 1723 942 ⁷
1810 934 1887 973 240

167 1013 277 1067 Seu
311 1016 520 1065 terram
555 1007 746 1077 rapido
781 1007 990 1076 pariter
1025 1022 1151 1059 cum
1189 1005 1407 1057 flamine
1442 1002 1690 1070 portantg

167 1090 305 1144 Tum
341 1088 548 1155 virgam
587 1085 763 1153 capit;
803 1084 903 1137 hac
939 1084 1147 1137 animas
1182 1081 1275 1136 ille
1310 1081 1501 1133 evocat
1534 1075 1679 1129 Orco

171 1164 445 1225 Fauentia
484 1162 616 1215 alias
655 1160 756 1215 sub
795 1160 1024 1213 Tartara
1060 1158 1243 1212 tristia
1274 1155 1463 1224 mittit,

169 1244 280 1297 Dat
317 1257 533 1295 somnos
572 1238 890 1308 adimitque,
929 1239 988 1291 ct
1021 1235 1224 1291 lumina
1261 1238 1441 1285 morte
1476 1229 1734 1296 resignat.
1768 1232 1771 1235 ’

171 1320 275 1375 Illa
310 1319 485 1371 fretus
523 1317 638 1384 agit
677 1321 884 1382 ventosi,
923 1317 982 1368 et
1015 1312 1246 1368 turbida
1280 1310 1466 1363 tranat
1814 1316 1890 1356 245

171 1397 222 1451 N
226 1396 400 1461 ubila;
438 1395 658 1463 iamque
694 1393 882 1447 volans
919 1390 1129 1459 apicem
1166 1393 1224 1442 et
1259 1388 1434 1440 latera
1468 1382 1641 1435 ardua
1674 1378 1855 1434 cernit

173 1474 418 1528 Atlantis
457 1471 597 1539 duri,
633 1470 844 1523 caelum
883 1467 975 1537 qui
1013 1466 1219 1519 vertice
1254 1462 1425 1527 fulcit,

174 1550 432 1613 Atlantia,
471 1548 709 1601 cinctum
746 1545 974 1599 adsidue
1011 1543 1096 1595 cui
1132 1540 1367 1595 nubibus
1400 1538 1534 1591 atris

175 1627 469 1681 Piniferum
507 1627 672 1691 caput
710 1626 768 1676 et
805 1624 967 1675 vento
1003 1618 1259 1688 pulsatur,
1288 1618 1347 1669 et
1380 1612 1569 1678 imbri3

175 1706 284 1759 Nix
319 1706 575 1758 humeros
614 1700 792 1754 infusa
828 1698 1001 1766 tegit3
1037 1699 1159 1750 tum
1196 1692 1418 1748 flumina
1451 1694 1639 1744 mento
1820 1700 1898 1742 ato

177 1782 549 1850 Praecipitant
585 1778 742 1846 seniS,
777 1779 837 1830 et
871 1774 1044 1844 glacie
1079 1774 1225 1842 riget
1260 1768 1485 1824 horrida
1516 1765 1707 1821 barba.

176 1859 282 1914 Hic
315 1858 551 1927 primum
588 1853 812 1924 paribus
849 1853 1030 1905 nitens
1069 1849 1344 1918 Cyllenius
1378 1846 1476 1900 alis

177 1935 464 1999 Constitit3
503 1933 626 1986 hinc
663 1934 782 1984 toto
818 1945 1078 1999 praeceps
1116 1942 1174 1978 se
1209 1939 1437 1993 corpore
1470 1920 1543 1972 ad
1576 1915 1755 1970 undas

175 2011 345 2078 Misit,
382 2009 466 2062 avi
504 2009 704 2076 similis,
741 2024 882 2076 quae
917 2005 1120 2058 circum
1154 2002 1331 2068 litora,
1366 1998 1566 2052 circum

178 2089 422 2142 Piscosos
461 2085 708 2154 scopulos
745 2082 960 2136 humilis
997 2081 1146 2133 volat
1182 2092 1420 2146 aequora
1452 2073 1622 2126 iuxta.
1824 2082 1901 2120 255

178 2163 346 2218 Haud
381 2163 540 2216 aliter
577 2165 758 2214 terras
793 2161 940 2213 inter
975 2155 1295 2223 caelumque
1331 2149 1563 2216 volabat,

178 2241 335 2294 Litus
372 2257 658 2294 arenosum
699 2237 902 2306 Libyae
937 2239 1243 2302 ventosque
1279 2226 1501 2284 secabat

181 2318 432 2372 Materno
468 2317 689 2370 veniens
728 2314 797 2367 ab
833 2331 934 2366 avo
975 2311 1219 2378 Cyllenia
1254 2306 1452 2377 proles.

179 2394 260 2448 Ut
294 2396 528 2463 primum
565 2393 722 2446 alatis
759 2390 948 2458 tetigit
983 2384 1221 2455 magalia
1254 2381 1472 2454 Plautia,

182 2474 408 2525 Aenean
442 2469 768 2523 fundantem
805 2482 958 2518 arces
994 2481 1056 2518 ac
1095 2466 1246 2517 tecta
1280 2459 1571 2512 novantem
1831 2462 1909 2502 aeo

183 2549 484 2618 Conspicit:
530 2550 698 2616 atque
732 2543 809 2597 illi
847 2541 1103 2596 stellatus
1136 2537 1346 2608 iaspide
1380 2532 1528 2586 fulva

183 2618 342 2678 Ensis
377 2629 513 2692 erat,
549 2624 818 2692 Tyrioque
855 2618 1091 2672 ardebat
1124 2615 1331 2670 murice
1364 2610 1525 2664 laena

183 2699 432 2754 Demissa
468 2718 535 2754 ex
571 2698 827 2764 liumcriS‚
864 2697 1016 2749 dives
1052 2709 1195 2762 quae
1229 2701 1457 2744 munera
1493 2679 1637 2736 Dido

185 2775 414 2828 Fecerat
451 2781 509 2828 et
544 2775 695 2828 tenui
732 2774 873 2828 telas
909 2772 1243 2825 discreverat
1278 2781 1423 2819 aum.

187 2849 456 2902 Continuo
491 2850 725 2902 invadit:
769 2850 848 2901 Tu
885 2865 1026 2900 nunc
1066 2840 1423 2910 Karthaginis
1458 2836 1605 2890 altae
1834 2841 1912 2885 κδ

187 2923 572 2976 Fundamenta
605 2924 764 2990 locas,
801 2923 1194 2991 pulchramque
1230 2917 1451 2972 uxorius
1486 2911 1682 2965 urbem

187 2997 470 3050 Exstruis'i
507 2998 616 3050 heu
650 3000 802 3066 regni
837 3015 1131 3067 rerumque
1168 2995 1341 3050 oblite
1378 2990 1625 3046 tuarum!

191 3071 317 3156 Ipse
353 3072 516 3126 deum
551 3071 651 3125 tibi
687 3090 776 3127 me
810 3075 956 3126 claro
993 3074 1239 3128 demittit
1276 3071 1509 3139 Olympo

242 3152 484 3211 egnator‚
519 3146 726 3200 caelum
761 3152 820 3200 et
855 3152 1033 3202 terras
1068 3147 1163 3216 qui
1199 3147 1419 3198 numine
1454 3141 1715 3210 torquet;
