2163 3401
716 108 729 127 ·’
778 96 1190 150 GEORGICON
1231 99 1482 149 LIL.11.
1761 124 1770 129 ·
1927 108 1988 153 43

262 175 595 245 Despieer03
628 174 735 229 hue
770 178 997 231 summis
1032 178 1317 247 liquuntur
1351 179 1580 250 rupibus
1613 197 1832 253 amnes,

260 252 611 321 Felicemque
645 253 873 308 trahunt
910 254 1369 325 limum--quiquo
1403 259 1587 314 editus
1619 264 1824 325 austro,

258 329 332 383 Et
368 329 567 387 filicem
602 331 783 383 curvis
820 330 1047 385 invisam
1089 335 1264 401 pascit
1300 352 1374 388 ar·
1377 337 1526 391 »tx-is:

242 405 368 460 Hie
402 406 504 460 fibi
540 407 883 477 praevalidas
922 408 1048 462 olim
1087 410 1376 480 multoque
1411 413 1632 469 fluentis
1911 428 1984 469 ιω

258 483 506 539 Sufficiet
543 484 757 538 Baccho
796 484 937 552 vitis,
976 484 1065 539 hic
1099 486 1298 541 fertilis
1331 504 1485 559 uvae,

260 562 368 616 Hie
400 561 595 625 laticis,
633 562 849 631 qualem
887 564 1096 631 pateris
1132 562 1364 619 libamus
1398 569 1457 620 et
1491 582 1640 635 auro,

258 638 480 693 Infiavit
516 656 639 692 cum
674 636 890 707 pinguis
908 656 911 659 ’
926 640 1065 694 ebur
1103 640 1415 709 Tyrrhenus
1450 642 1525 696 ad
1558 660 1683 699 aras

257 714 531 769 Lancibus
566 722 625 769 et
660 715 855 784 pandis
891 716 1160 771 fumantia
1195 717 1478 773 reddimus
1513 724 1654 774 exta.
1925 770 1928 775 .

242 790 350 844 'Sin
386 796 636 845 armenta
670 793 841 860 magis
879 792 1124 849 studium
1159 794 1466 865 vitulosque
1502 797 1658 865 tueri,
1912 812 1978 853 ιω

256 868 375 921 Aut
410 867 559 921 fetus
596 869 791 938 ovium,
828 872 924 924 aut
959 871 1172 923 urentis
1209 871 1356 925 culta
1391 873 1639 942 capellas,

253 943 442 1006 Saltus
476 948 535 997 et
572 945 743 998 saturi
778 946 959 1014 petito
993 945 1291 1017 longinqua
1326 948 1560 1017 Tarenti,

252 1019 327 1074 Et
364 1019 583 1088 qualem
618 1021 807 1074 infelix
843 1022 1024 1076 amisit
1062 1022 1294 1078 Mantua
1329 1041 1596 1094 campum,

250 1092 577 1151 Pascentem
614 1098 801 1152 niveos
837 1098 1071 1153 herboso
1110 1099 1332 1155 flumine
1369 1118 1594 1170 cycnos:

247 1172 301 1225 N
302 1187 374 1225 on
410 1172 605 1239 liquidi
638 1172 897 1241 gregibus
933 1174 1129 1243 fontes,
1164 1192 1272 1230 non
1306 1179 1556 1247 gramina
1589 1179 1838 1249 deerunt,
1899 1196 1974 1236 20⁰

246 1248 336 1316 Et,
375 1253 655 1318 quantum
682 1248 855 1318 longis
891 1256 1121 1320 carpent
1157 1261 1408 1309 armenta
1445 1254 1654 1321 diebus,

246 1322 462 1395 Exigua
493 1328 712 1380 tantum
747 1326 963 1394 gelidus
996 1344 1090 1382 ros
1123 1334 1284 1384 noete
1303 1336 1570 1400 reponet.

244 1401 315 1455 N
299 1410 443 1471 igra⁴
458 1403 577 1456 fere
614 1405 673 1456 et
706 1420 897 1472 presso
931 1404 1146 1474 pinguis
1181 1402 1284 1460 sub
1320 1422 1542 1461 vomere
1576 1410 1742 1475 terra,

244 1478 319 1532 Et
356 1480 445 1532 eui
480 1484 645 1547 putre
681 1479 1181 1551 solum‚—namque
1216 1482 1318 1536 hoe
1355 1482 1634 1536 imitamur
1667 1482 1938 1536 arando——

244 1554 489 1624 Optuma
520 1554 849 1620 frumentis3
875 1572 993 1609 ιιοιι
1030 1556 1144 1610 ullo
1179 1574 1249 1611 ex
1284 1574 1523 1625 aequore
1558 1574 1748 1617 cernes
1897 1574 1972 1615 ms

243 1630 412 1685 Plura
451 1630 672 1684 domum
707 1631 883 1685 tardis
920 1632 1189 1689 decedere
1223 1633 1489 1704 plaustra
1505 1633 1776 1699 iuvencis;

243 1711 363 1762 Aut
396 1707 547 1763 unde
583 1708 757 1762 iratus
794 1709 985 1764 silvam
1024 1709 1246 1766 devexit
1286 1715 1474 1768 amtor

56 1785 315 1878 &2⁹¹3ss
348 1797 599 1839 nemora
615 1785 815 1839 evertit
852 1786 1055 1840 multos
1093 1788 1290 1856 ignava
1325 1807 1428 1858 per
1461 1807 1646 1854 annos,

53 1805 376 1970 ςἶν’,ρμὲὶιιιὰ
594 1877 627 1915 e
666 1861 737 1915 do
896 1863 1074 1917 avium
1112 1881 1236 1918 cum
1275 1866 1538 1935 stirpibus
1571 1867 1694 1920 imis

208 1878 436 2004 Μὲς
471 1937 596 1990 illae
634 1918 807 1992 ffitum
844 1939 987 1992 nidis
1021 1941 1234 2009 petiere
1270 1942 1512 2008 relictis;
1895 1955 1968 1996 21⁰

19 1977 206 2065 W»
241 2015 322 2067 At
356 1979 513 2067 ru’dis
550 2013 749 2068 enituit.
784 2015 997 2084 inpulso
1034 2033 1256 2070 vomere
1290 2035 1525 2088 campus.

241 2089 383 2143 Nam
421 2090 601 2145 ieiuna
639 2091 862 2161 quidem
898 2091 1108 2146 clivosi
1118 2093 1306 2161 glarea
1341 2097 1482 2150 ruris

242 2165 349 2219 Vix
385 2165 605 2220 humilis
641 2167 837 2236 apibus
875 2170 1047 2224 casias
1083 2186 1374 2241 roremque
1409 2173 1716 2231 ministrat-z

243 2242 312 2297 Et
348 2243 497 2296 tofus
533 2243 733 2310 scaber,
774 2251 832 2301 et
870 2246 1039 2314 nigris
1076 2263 1241 2300 exesa
1275 2247 1542 2316 chelydris
1983 2311 1992 2333 ⁸

238 2320 409 2374 Creta
445 2325 649 2390 negant
685 2323 821 2377 alios
860 2339 1036 2392 aeque
1076 2323 1423 2392 serpentibus
1459 2341 1618 2393 agros
1824 2340 1964 2398 „m
1989 2386 1994 2395 ,

244 2397 468 2451 Dulcem
503 2397 649 2453 ferre
690 2399 871 2454 cibum
908 2403 968 2452 et
1003 2417 1194 2454 curvas
1235 2401 1500 2471 praebere
1536 2399 1788 2454 latebra&

239 2474 391 2539 Quae
426 2478 651 2529 tenuem
692 2475 915 2530 exhalat
950 2477 1204 2532 nebulam
1243 2478 1533 2548 fumosque
1566 2477 1812 2544 volucris,

242 2550 312 2604 Et
346 2550 489 2604 bibit
526 2550 821 2618 humorem,
861 2557 933 2621 et,
971 2571 1093 2608 cum
1134 2555 1262 2622 volt,
1305 2573 1373 2608 ex
1409 2573 1469 2610 se
1503 2557 1623 2624 ipsa
1657 2552 1908 2618 remittit,

239 2629 505 2698 Quaeque
540 2647 637 2684 suo
676 2647 891 2699 semper
930 2631 1120 2686 viridis
1163 2649 1222 2686 se
1259 2633 1503 2701 gramine
1538 2630 1722 2694 vestit,

239 2704 357 2758 Nec
392 2705 575 2760 scabie
612 2711 671 2762 et
709 2705 853 2759 salsa
890 2707 1063 2761 laedit
1101 2707 1348 2776 robigine
1385 2707 1605 2775 ferrum,
1889 2719 1961 2758 220

240 2780 345 2834 Illa
372 2780 484 2836 -tibi
520 2783 680 2837 laetis
716 2783 930 2838 intexet
968 2784 1170 2838 vitibus
1207 2783 1398 2851 ulmos,

239 2857 345 2910 Illa
379 2859 535 2914 ferax
573 2860 727 2916 oleae
762 2865 862 2925 est,
901 2860 1049 2914 illam
1092 2861 1376 2927 experiere
1411 2859 1639 2913 colendo

238 2934 312 2988 Et
347 2936 562 2990 facilem
600 2939 783 3004 pecori
821 2941 881 2990 et
913 2938 1232 3024 patientem·
1256 2936 1489 2988 vomeris
1522 2933 1650 2988 und.

238 3012 427 3066 Talem
466 3011 621 3066 dives
656 3018 777 3066 arat
816 3013 1001 3078 Capua
1038 3014 1097 3064 et
1133 3012 1308 3062 vicina
1350 3009 1394 3060 V
1400 3024 1560 3062 esevo

238 3086 353 3142 Ora
387 3089 517 3155 iugo
554 3092 614 3140 et
649 3087 831 3140 vacuis
868 3086 1087 3139 Clanius
1122 3101 1230 3136 ιιοιι
1264 3099 1470 3150 aequus
1509 3080 1743 3133 Acerris.
1882 3082 1950 3118 ὤ

279 3163 363 3219 N
366 3179 488 3231 unc
515 3179 625 3230 quo
648 3176 926 3232 quamque
946 3158 1114 3215 modo
1134 3159 1308 3229 possis
1331 3169 1672 3222 cognoscere.
1699 3150 1888 3202 dicam.
1936 3193 1944 3202 .
