<?xml version="1.0" encoding="UTF-8"?>
<!DOCTYPE html PUBLIC "-//W3C//DTD XHTML 1.0 Transitional//EN"
    "http://www.w3.org/TR/xhtml1/DTD/xhtml1-transitional.dtd">
<html xmlns="http://www.w3.org/1999/xhtml" xml:lang="en" lang="en">
 <head>
  <title>
</title>
<meta http-equiv="Content-Type" content="text/html;charset=utf-8" />
  <meta name='ocr-system' content='tesseract 3.04.00' />
  <meta name='ocr-capabilities' content='ocr_page ocr_carea ocr_par ocr_line ocrx_word'/>
</head>
<body>
  <div class='ocr_page' id='page_1' title='image "./operaexrecensio04virggoog/operaexrecensio04virggoog_0229.png"; bbox 0 0 2163 3401; ppageno 0'>
   <div class='ocr_carea' id='block_1_1' title="bbox 256 114 2018 3236">
    <p class='ocr_par' dir='ltr' id='par_1_1' title="bbox 776 114 2018 171">
     <span class='ocr_line' id='line_1_1' title="bbox 776 114 2018 171; baseline 0.006 -9"><span class='ocrx_word' id='word_1_1' title='bbox 776 114 1145 163; x_wconf 78' lang='lat' dir='ltr'>AENEIDOS</span> <span class='ocrx_word' id='word_1_2' title='bbox 1178 114 1314 163; x_wconf 88' lang='lat' dir='ltr'><strong>LIB.</strong></span> <span class='ocrx_word' id='word_1_3' title='bbox 1353 114 1484 165; x_wconf 83' lang='lat' dir='ltr'><strong>VII.</strong></span> <span class='ocrx_word' id='word_1_4' title='bbox 1879 120 2018 171; x_wconf 57' lang='lat'><strong>215„</strong></span> 
     </span>
    </p>

    <p class='ocr_par' dir='ltr' id='par_1_2' title="bbox 256 190 1976 2173">
     <span class='ocr_line' id='line_1_2' title="bbox 262 190 1844 267; baseline 0.002 -17"><span class='ocrx_word' id='word_1_5' title='bbox 262 193 507 251; x_wconf 80' lang='lat' dir='ltr'><strong>Goniieit</strong></span> <span class='ocrx_word' id='word_1_6' title='bbox 539 194 705 263; x_wconf 88' lang='lat' dir='ltr'><strong>inque</strong></span> <span class='ocrx_word' id='word_1_7' title='bbox 741 190 917 248; x_wconf 86' lang='lat' dir='ltr'><strong>sinum</strong></span> <span class='ocrx_word' id='word_1_8' title='bbox 952 194 1270 263; x_wconf 84' lang='lat' dir='ltr'><strong>praecordia</strong></span> <span class='ocrx_word' id='word_1_9' title='bbox 1305 195 1378 249; x_wconf 85' lang='lat' dir='ltr'><strong>ad</strong></span> <span class='ocrx_word' id='word_1_10' title='bbox 1412 196 1606 251; x_wconf 89' lang='lat' dir='ltr'><strong>intima</strong></span> <span class='ocrx_word' id='word_1_11' title='bbox 1641 197 1844 267; x_wconf 71' lang='lat' dir='ltr'><strong>subdit,</strong></span> 
     </span>
     <span class='ocr_line' id='line_1_3' title="bbox 262 270 1879 342; baseline 0.002 -17"><span class='ocrx_word' id='word_1_12' title='bbox 262 272 392 337; x_wconf 82' lang='lat' dir='ltr'><strong>Quo</strong></span> <span class='ocrx_word' id='word_1_13' title='bbox 423 271 721 325; x_wconf 82' lang='lat' dir='ltr'><strong>furibunda</strong></span> <span class='ocrx_word' id='word_1_14' title='bbox 755 270 978 325; x_wconf 88' lang='lat' dir='ltr'><strong>domum</strong></span> <span class='ocrx_word' id='word_1_15' title='bbox 1014 278 1256 325; x_wconf 86' lang='lat' dir='ltr'><strong>monstro</strong></span> <span class='ocrx_word' id='word_1_16' title='bbox 1291 273 1616 342; x_wconf 81' lang='lat' dir='ltr'><strong>permisceat</strong></span> <span class='ocrx_word' id='word_1_17' title='bbox 1652 291 1879 331; x_wconf 87' lang='lat' dir='ltr'><strong>omnem.</strong></span> 
     </span>
     <span class='ocr_line' id='line_1_4' title="bbox 262 348 1557 419; baseline 0.002 -18"><span class='ocrx_word' id='word_1_18' title='bbox 262 348 391 414; x_wconf 91' lang='lat' dir='ltr'><strong>Ille,</strong></span> <span class='ocrx_word' id='word_1_19' title='bbox 426 348 579 401; x_wconf 84' lang='lat' dir='ltr'><strong>inter</strong></span> <span class='ocrx_word' id='word_1_20' title='bbox 612 352 795 401; x_wconf 81' lang='lat' dir='ltr'><strong>vestes</strong></span> <span class='ocrx_word' id='word_1_21' title='bbox 830 352 891 402; x_wconf 92' lang='lat' dir='ltr'><strong>et</strong></span> <span class='ocrx_word' id='word_1_22' title='bbox 922 348 1063 402; x_wconf 82' lang='lat' dir='ltr'><strong>levia</strong></span> <span class='ocrx_word' id='word_1_23' title='bbox 1099 352 1326 417; x_wconf 86' lang='lat' dir='ltr'><strong>pectora</strong></span> <span class='ocrx_word' id='word_1_24' title='bbox 1362 350 1557 419; x_wconf 85' lang='lat' dir='ltr'><strong>lapsus,</strong></span> 
     </span>
     <span class='ocr_line' id='line_1_5' title="bbox 260 422 1976 494; baseline 0.005 -19"><span class='ocrx_word' id='word_1_25' title='bbox 260 422 530 477; x_wconf 83' lang='lat' dir='ltr'><strong>Volvitur</strong></span> <span class='ocrx_word' id='word_1_26' title='bbox 562 427 775 477; x_wconf 81' lang='lat' dir='ltr'><strong>attactu</strong></span> <span class='ocrx_word' id='word_1_27' title='bbox 808 424 973 491; x_wconf 92' lang='lat' dir='ltr'><strong>nullo,</strong></span> <span class='ocrx_word' id='word_1_28' title='bbox 1008 425 1259 493; x_wconf 87' lang='lat' dir='ltr'><strong>fallitque</strong></span> <span class='ocrx_word' id='word_1_29' title='bbox 1293 426 1583 494; x_wconf 87' lang='lat' dir='ltr'><strong>furentem,</strong></span> <span class='ocrx_word' id='word_1_30' title='bbox 1903 442 1976 483; x_wconf 74' lang='lat'><strong>³6⁰</strong></span> 
     </span>
     <span class='ocr_line' id='line_1_6' title="bbox 259 499 1670 569; baseline 0.004 -17"><span class='ocrx_word' id='word_1_31' title='bbox 259 499 571 569; x_wconf 74' lang='lat' dir='ltr'><strong>vipeream</strong></span> <span class='ocrx_word' id='word_1_32' title='bbox 605 500 874 568; x_wconf 80' lang='lat' dir='ltr'><strong>inspirans</strong></span> <span class='ocrx_word' id='word_1_33' title='bbox 908 502 1174 565; x_wconf 87' lang='lat' dir='ltr'><strong>animam;</strong></span> <span class='ocrx_word' id='word_1_34' title='bbox 1209 501 1276 553; x_wconf 88' lang='lat' dir='ltr'><strong>fit</strong></span> <span class='ocrx_word' id='word_1_35' title='bbox 1311 503 1498 555; x_wconf 89' lang='lat' dir='ltr'><strong>tortile</strong></span> <span class='ocrx_word' id='word_1_36' title='bbox 1533 504 1670 557; x_wconf 87' lang='lat' dir='ltr'><strong>eollo</strong></span> 
     </span>
     <span class='ocr_line' id='line_1_7' title="bbox 260 576 1751 648; baseline 0.002 -16"><span class='ocrx_word' id='word_1_37' title='bbox 260 578 488 632; x_wconf 83' lang='lat' dir='ltr'><strong>Aurum</strong></span> <span class='ocrx_word' id='word_1_38' title='bbox 524 576 713 644; x_wconf 83' lang='lat' dir='ltr'><strong>ingens</strong></span> <span class='ocrx_word' id='word_1_39' title='bbox 748 576 984 644; x_wconf 77' lang='lat' dir='ltr'><strong>coluber,</strong></span> <span class='ocrx_word' id='word_1_40' title='bbox 1022 576 1088 630; x_wconf 71' lang='lat' dir='ltr'><strong>fit</strong></span> <span class='ocrx_word' id='word_1_41' title='bbox 1122 577 1313 645; x_wconf 74' lang='lat' dir='ltr'><strong>longae</strong></span> <span class='ocrx_word' id='word_1_42' title='bbox 1347 578 1530 632; x_wconf 87' lang='lat' dir='ltr'><strong>taenia</strong></span> <span class='ocrx_word' id='word_1_43' title='bbox 1564 580 1751 648; x_wconf 81' lang='lat' dir='ltr'><strong>vittae,</strong></span> 
     </span>
     <span class='ocr_line' id='line_1_8' title="bbox 260 652 1714 720; baseline 0.005 -15"><span class='ocrx_word' id='word_1_44' title='bbox 260 652 623 720; x_wconf 83' lang='lat' dir='ltr'><strong>Innectitque</strong></span> <span class='ocrx_word' id='word_1_45' title='bbox 658 668 851 720; x_wconf 85' lang='lat' dir='ltr'><strong>comas,</strong></span> <span class='ocrx_word' id='word_1_46' title='bbox 888 658 948 707; x_wconf 86' lang='lat' dir='ltr'><strong>et</strong></span> <span class='ocrx_word' id='word_1_47' title='bbox 982 653 1242 707; x_wconf 86' lang='lat' dir='ltr'><strong>membris</strong></span> <span class='ocrx_word' id='word_1_48' title='bbox 1278 654 1514 709; x_wconf 88' lang='lat' dir='ltr'><strong>lubricus</strong></span> <span class='ocrx_word' id='word_1_49' title='bbox 1550 660 1714 711; x_wconf 80' lang='lat' dir='ltr'><strong>errat.</strong></span> 
     </span>
     <span class='ocr_line' id='line_1_9' title="bbox 261 728 1561 799; baseline 0.004 -18"><span class='ocrx_word' id='word_1_50' title='bbox 261 728 351 782; x_wconf 78' lang='lat' dir='ltr'><strong>Ac</strong></span> <span class='ocrx_word' id='word_1_51' title='bbox 388 728 525 781; x_wconf 92' lang='lat' dir='ltr'><strong>dum</strong></span> <span class='ocrx_word' id='word_1_52' title='bbox 558 729 733 797; x_wconf 87' lang='lat' dir='ltr'><strong>prima</strong></span> <span class='ocrx_word' id='word_1_53' title='bbox 767 729 885 783; x_wconf 89' lang='lat' dir='ltr'><strong>lues</strong></span> <span class='ocrx_word' id='word_1_54' title='bbox 918 729 1030 782; x_wconf 88' lang='lat' dir='ltr'><strong>ndo</strong></span> <span class='ocrx_word' id='word_1_55' title='bbox 1066 729 1322 799; x_wconf 75' lang='lat' dir='ltr'><strong>sublapsa</strong></span> <span class='ocrx_word' id='word_1_56' title='bbox 1355 748 1561 785; x_wconf 80' lang='lat' dir='ltr'><strong>veneno</strong></span> 
     </span>
     <span class='ocr_line' id='line_1_10' title="bbox 257 803 1976 878; baseline 0.005 -21"><span class='ocrx_word' id='word_1_57' title='bbox 257 803 621 872; x_wconf 82' lang='lat' dir='ltr'><strong>Pertemptat</strong></span> <span class='ocrx_word' id='word_1_58' title='bbox 654 822 842 859; x_wconf 87' lang='lat' dir='ltr'><strong>sensus</strong></span> <span class='ocrx_word' id='word_1_59' title='bbox 878 810 1050 874; x_wconf 87' lang='lat' dir='ltr'><strong>atque</strong></span> <span class='ocrx_word' id='word_1_60' title='bbox 1083 805 1294 859; x_wconf 85' lang='lat' dir='ltr'><strong>ossibus</strong></span> <span class='ocrx_word' id='word_1_61' title='bbox 1329 807 1549 876; x_wconf 86' lang='lat' dir='ltr'><strong>inplicat</strong></span> <span class='ocrx_word' id='word_1_62' title='bbox 1583 810 1780 878; x_wconf 78' lang='lat' dir='ltr'><strong>ignem,</strong></span> <span class='ocrx_word' id='word_1_63' title='bbox 1903 826 1976 866; x_wconf 76' lang='lat'><strong>8⁵6</strong></span> 
     </span>
     <span class='ocr_line' id='line_1_11' title="bbox 258 880 1780 954; baseline 0.003 -19"><span class='ocrx_word' id='word_1_64' title='bbox 258 880 522 935; x_wconf 83' lang='lat' dir='ltr'><strong>Necdum</strong></span> <span class='ocrx_word' id='word_1_65' title='bbox 558 881 769 934; x_wconf 85' lang='lat' dir='ltr'><strong>animus</strong></span> <span class='ocrx_word' id='word_1_66' title='bbox 802 886 922 935; x_wconf 88' lang='lat' dir='ltr'><strong>toto</strong></span> <span class='ocrx_word' id='word_1_67' title='bbox 956 883 1205 951; x_wconf 79' lang='lat' dir='ltr'><strong>percepit</strong></span> <span class='ocrx_word' id='word_1_68' title='bbox 1237 888 1456 951; x_wconf 85' lang='lat' dir='ltr'><strong>pectore</strong></span> <span class='ocrx_word' id='word_1_69' title='bbox 1491 885 1780 954; x_wconf 83' lang='lat' dir='ltr'><strong>flammam,</strong></span> 
     </span>
     <span class='ocr_line' id='line_1_12' title="bbox 256 957 1730 1027; baseline 0.003 -17"><span class='ocrx_word' id='word_1_70' title='bbox 256 957 509 1020; x_wconf 54' lang='lat' dir='ltr'><strong>Mollia&amp;</strong></span> <span class='ocrx_word' id='word_1_71' title='bbox 544 961 604 1011; x_wconf 86' lang='lat' dir='ltr'><strong>et</strong></span> <span class='ocrx_word' id='word_1_72' title='bbox 638 959 797 1011; x_wconf 85' lang='lat' dir='ltr'><strong>solito</strong></span> <span class='ocrx_word' id='word_1_73' title='bbox 831 963 1068 1012; x_wconf 85' lang='lat' dir='ltr'><strong>matrum</strong></span> <span class='ocrx_word' id='word_1_74' title='bbox 1107 959 1180 1013; x_wconf 88' lang='lat' dir='ltr'><strong>de</strong></span> <span class='ocrx_word' id='word_1_75' title='bbox 1214 974 1382 1026; x_wconf 86' lang='lat' dir='ltr'><strong>more,</strong></span> <span class='ocrx_word' id='word_1_76' title='bbox 1415 960 1596 1014; x_wconf 84' lang='lat' dir='ltr'><strong>locuta</strong></span> <span class='ocrx_word' id='word_1_77' title='bbox 1629 965 1730 1027; x_wconf 83' lang='lat' dir='ltr'><strong>est,</strong></span> 
     </span>
     <span class='ocr_line' id='line_1_13' title="bbox 256 1032 1904 1105; baseline 0.004 -19"><span class='ocrx_word' id='word_1_78' title='bbox 256 1032 448 1087; x_wconf 82' lang='lat' dir='ltr'><strong>Multa</strong></span> <span class='ocrx_word' id='word_1_79' title='bbox 484 1050 649 1102; x_wconf 87' lang='lat' dir='ltr'><strong>super</strong></span> <span class='ocrx_word' id='word_1_80' title='bbox 682 1039 813 1088; x_wconf 84' lang='lat' dir='ltr'><strong>nata</strong></span> <span class='ocrx_word' id='word_1_81' title='bbox 846 1035 1138 1088; x_wconf 82' lang='lat' dir='ltr'><strong>lacrimans</strong></span> <span class='ocrx_word' id='word_1_82' title='bbox 1177 1034 1534 1104; x_wconf 77' lang='lat' dir='ltr'><strong>Phrygiisque</strong></span> <span class='ocrx_word' id='word_1_83' title='bbox 1569 1037 1904 1105; x_wconf 75' lang='lat' dir='ltr'><strong>hymenaeis:</strong></span> 
     </span>
     <span class='ocr_line' id='line_1_14' title="bbox 258 1109 1654 1181; baseline 0.004 -19"><span class='ocrx_word' id='word_1_84' title='bbox 258 1109 633 1163; x_wconf 76' lang='lat' dir='ltr'><strong>Exsulibusne</strong></span> <span class='ocrx_word' id='word_1_85' title='bbox 668 1110 835 1164; x_wconf 80' lang='lat' dir='ltr'><strong>datur</strong></span> <span class='ocrx_word' id='word_1_86' title='bbox 869 1111 1122 1165; x_wconf 80' lang='lat' dir='ltr'><strong>(lucenda</strong></span> <span class='ocrx_word' id='word_1_87' title='bbox 1158 1111 1384 1165; x_wconf 83' lang='lat' dir='ltr'><strong>Lavinia</strong></span> <span class='ocrx_word' id='word_1_88' title='bbox 1419 1112 1654 1181; x_wconf 82' lang='lat' dir='ltr'><strong>Teucris,</strong></span> 
     </span>
     <span class='ocr_line' id='line_1_15' title="bbox 257 1185 1976 1259; baseline 0.006 -21"><span class='ocrx_word' id='word_1_89' title='bbox 257 1185 307 1238; x_wconf 91' lang='grc' dir='ltr'><strong>Ο</strong></span> <span class='ocrx_word' id='word_1_90' title='bbox 344 1186 605 1254; x_wconf 66' lang='lat' dir='ltr'><strong>genitor?</strong></span> <span class='ocrx_word' id='word_1_91' title='bbox 640 1203 739 1241; x_wconf 85' lang='lat' dir='ltr'><strong>nec</strong></span> <span class='ocrx_word' id='word_1_92' title='bbox 774 1191 833 1241; x_wconf 87' lang='lat' dir='ltr'><strong>te</strong></span> <span class='ocrx_word' id='word_1_93' title='bbox 868 1188 1094 1241; x_wconf 77' lang='lat' dir='ltr'><strong>miseret</strong></span> <span class='ocrx_word' id='word_1_94' title='bbox 1127 1192 1434 1257; x_wconf 80' lang='lat' dir='ltr'><strong>gnataeque</strong></span> <span class='ocrx_word' id='word_1_95' title='bbox 1469 1190 1694 1259; x_wconf 75' lang='lat' dir='ltr'><strong>tuique?</strong></span> <span class='ocrx_word' id='word_1_96' title='bbox 1901 1206 1976 1247; x_wconf 69' lang='grc' dir='ltr'><strong>θα)</strong></span> 
     </span>
     <span class='ocr_line' id='line_1_16' title="bbox 257 1262 1896 1339; baseline 0.007 -25"><span class='ocrx_word' id='word_1_97' title='bbox 257 1262 309 1314; x_wconf 89' lang='lat' dir='ltr'>N</span> <span class='ocrx_word' id='word_1_98' title='bbox 314 1279 381 1315; x_wconf 86' lang='lat' dir='ltr'><strong>ec</strong></span> <span class='ocrx_word' id='word_1_99' title='bbox 418 1262 615 1315; x_wconf 87' lang='lat' dir='ltr'><strong>matris</strong></span> <span class='ocrx_word' id='word_1_100' title='bbox 649 1264 888 1331; x_wconf 79' lang='lat' dir='ltr'><strong>miseret,</strong></span> <span class='ocrx_word' id='word_1_101' title='bbox 922 1281 1087 1332; x_wconf 86' lang='lat' dir='ltr'><strong>quam</strong></span> <span class='ocrx_word' id='word_1_102' title='bbox 1123 1265 1298 1333; x_wconf 88' lang='lat' dir='ltr'><strong>primo</strong></span> <span class='ocrx_word' id='word_1_103' title='bbox 1335 1266 1586 1334; x_wconf 86' lang='lat' dir='ltr'><strong>aquilone</strong></span> <span class='ocrx_word' id='word_1_104' title='bbox 1621 1270 1896 1339; x_wconf 76' lang='lat' dir='ltr'><strong>relinquet</strong></span> 
     </span>
     <span class='ocr_line' id='line_1_17' title="bbox 259 1338 1725 1410; baseline 0.005 -20"><span class='ocrx_word' id='word_1_105' title='bbox 259 1338 540 1403; x_wconf 74' lang='lat' dir='ltr'><strong>PerfiduS,</strong></span> <span class='ocrx_word' id='word_1_106' title='bbox 575 1338 688 1392; x_wconf 87' lang='lat' dir='ltr'><strong>alta</strong></span> <span class='ocrx_word' id='word_1_107' title='bbox 720 1344 915 1408; x_wconf 80' lang='lat' dir='ltr'><strong>petens</strong></span> <span class='ocrx_word' id='word_1_108' title='bbox 948 1339 1190 1394; x_wconf 81' lang='lat' dir='ltr'><strong>abducta</strong></span> <span class='ocrx_word' id='word_1_109' title='bbox 1223 1340 1447 1410; x_wconf 82' lang='lat' dir='ltr'><strong>virgine,</strong></span> <span class='ocrx_word' id='word_1_110' title='bbox 1485 1344 1725 1409; x_wconf 68' lang='lat' dir='ltr'><strong>praedo?</strong></span> 
     </span>
     <span class='ocr_line' id='line_1_18' title="bbox 260 1415 1874 1489; baseline 0.003 -22"><span class='ocrx_word' id='word_1_111' title='bbox 260 1416 345 1468; x_wconf 91' lang='lat' dir='ltr'><strong>At</strong></span> <span class='ocrx_word' id='word_1_112' title='bbox 383 1431 495 1468; x_wconf 89' lang='lat' dir='ltr'><strong>non</strong></span> <span class='ocrx_word' id='word_1_113' title='bbox 532 1415 608 1468; x_wconf 84' lang='lat' dir='ltr'><strong>sic</strong></span> <span class='ocrx_word' id='word_1_114' title='bbox 646 1415 913 1483; x_wconf 69' lang='lat' dir='ltr'><strong>Phrygius</strong></span> <span class='ocrx_word' id='word_1_115' title='bbox 948 1422 1205 1484; x_wconf 84' lang='lat' dir='ltr'><strong>penetrat</strong></span> <span class='ocrx_word' id='word_1_116' title='bbox 1243 1417 1652 1473; x_wconf 83' lang='lat' dir='ltr'><strong>Lacedaemona</strong></span> <span class='ocrx_word' id='word_1_117' title='bbox 1686 1424 1874 1489; x_wconf 83' lang='lat' dir='ltr'><strong>paster</strong></span> 
     </span>
     <span class='ocr_line' id='line_1_19' title="bbox 258 1490 1768 1560; baseline 0.004 -16"><span class='ocrx_word' id='word_1_118' title='bbox 258 1490 655 1560; x_wconf 83' lang='lat' dir='ltr'><strong>Ledaeamque</strong></span> <span class='ocrx_word' id='word_1_119' title='bbox 696 1492 959 1545; x_wconf 78' lang='lat' dir='ltr'><strong>Helenam</strong></span> <span class='ocrx_word' id='word_1_120' title='bbox 998 1493 1258 1545; x_wconf 84' lang='lat' dir='ltr'><strong>Troianas</strong></span> <span class='ocrx_word' id='word_1_121' title='bbox 1295 1493 1446 1545; x_wconf 78' lang='lat' dir='ltr'><strong>vexit</strong></span> <span class='ocrx_word' id='word_1_122' title='bbox 1482 1494 1553 1545; x_wconf 86' lang='lat' dir='ltr'><strong>ad</strong></span> <span class='ocrx_word' id='word_1_123' title='bbox 1588 1496 1768 1549; x_wconf 89' lang='lat' dir='ltr'><strong>urbes.</strong></span> 
     </span>
     <span class='ocr_line' id='line_1_20' title="bbox 256 1567 1974 1637; baseline 0.004 -17"><span class='ocrx_word' id='word_1_124' title='bbox 256 1567 414 1631; x_wconf 84' lang='lat' dir='ltr'><strong>Quid</strong></span> <span class='ocrx_word' id='word_1_125' title='bbox 451 1571 551 1620; x_wconf 85' lang='lat' dir='ltr'><strong>tua</strong></span> <span class='ocrx_word' id='word_1_126' title='bbox 586 1573 773 1621; x_wconf 78' lang='lat' dir='ltr'><strong>sancta</strong></span> <span class='ocrx_word' id='word_1_127' title='bbox 806 1568 977 1622; x_wconf 66' lang='lat' dir='ltr'><strong>fides?</strong></span> <span class='ocrx_word' id='word_1_128' title='bbox 1014 1569 1152 1637; x_wconf 91' lang='lat' dir='ltr'><strong>quid</strong></span> <span class='ocrx_word' id='word_1_129' title='bbox 1187 1585 1320 1621; x_wconf 85' lang='lat' dir='ltr'><strong>cura</strong></span> <span class='ocrx_word' id='word_1_130' title='bbox 1352 1568 1578 1637; x_wconf 84' lang='lat' dir='ltr'><strong>antiqua</strong></span> <span class='ocrx_word' id='word_1_131' title='bbox 1613 1575 1831 1625; x_wconf 88' lang='lat' dir='ltr'><strong>tuorum</strong></span> <span class='ocrx_word' id='word_1_132' title='bbox 1902 1587 1974 1627; x_wconf 74' lang='lat'><strong>³86</strong></span> 
     </span>
     <span class='ocr_line' id='line_1_21' title="bbox 256 1644 1698 1713; baseline 0.003 -16"><span class='ocrx_word' id='word_1_133' title='bbox 256 1644 339 1698; x_wconf 79' lang='lat' dir='ltr'><strong>Et</strong></span> <span class='ocrx_word' id='word_1_134' title='bbox 374 1644 777 1713; x_wconf 78' lang='lat' dir='ltr'><strong>consanguineo</strong></span> <span class='ocrx_word' id='word_1_135' title='bbox 808 1644 1009 1698; x_wconf 83' lang='lat' dir='ltr'><strong>totiens</strong></span> <span class='ocrx_word' id='word_1_136' title='bbox 1046 1645 1180 1699; x_wconf 83' lang='lat' dir='ltr'><strong>data</strong></span> <span class='ocrx_word' id='word_1_137' title='bbox 1217 1645 1446 1697; x_wconf 85' lang='lat' dir='ltr'><strong>dextera</strong></span> <span class='ocrx_word' id='word_1_138' title='bbox 1484 1645 1698 1703; x_wconf 71' lang='lat' dir='ltr'><strong>Turno?</strong></span> 
     </span>
     <span class='ocr_line' id='line_1_22' title="bbox 261 1721 1605 1790; baseline 0.001 -14"><span class='ocrx_word' id='word_1_139' title='bbox 261 1721 322 1776; x_wconf 81' lang='lat' dir='ltr'><strong>Si</strong></span> <span class='ocrx_word' id='word_1_140' title='bbox 354 1737 531 1790; x_wconf 86' lang='lat' dir='ltr'><strong>gener</strong></span> <span class='ocrx_word' id='word_1_141' title='bbox 564 1727 791 1776; x_wconf 78' lang='lat' dir='ltr'><strong>externa</strong></span> <span class='ocrx_word' id='word_1_142' title='bbox 824 1723 1035 1790; x_wconf 88' lang='lat' dir='ltr'><strong>petitur</strong></span> <span class='ocrx_word' id='word_1_143' title='bbox 1070 1722 1142 1776; x_wconf 92' lang='lat' dir='ltr'><strong>de</strong></span> <span class='ocrx_word' id='word_1_144' title='bbox 1177 1726 1342 1790; x_wconf 85' lang='lat' dir='ltr'><strong>gente</strong></span> <span class='ocrx_word' id='word_1_145' title='bbox 1380 1722 1605 1790; x_wconf 82' lang='lat' dir='ltr'><strong>Latinis,</strong></span> 
     </span>
     <span class='ocr_line' id='line_1_23' title="bbox 262 1797 1834 1870; baseline 0.002 -19"><span class='ocrx_word' id='word_1_146' title='bbox 262 1797 448 1866; x_wconf 90' lang='lat' dir='ltr'><strong>quue</strong></span> <span class='ocrx_word' id='word_1_147' title='bbox 484 1797 657 1865; x_wconf 73' lang='lat' dir='ltr'><strong>sedet,</strong></span> <span class='ocrx_word' id='word_1_148' title='bbox 695 1798 978 1866; x_wconf 81' lang='lat' dir='ltr'><strong>Faunique</strong></span> <span class='ocrx_word' id='word_1_149' title='bbox 1014 1803 1272 1866; x_wconf 83' lang='lat' dir='ltr'><strong>premunt</strong></span> <span class='ocrx_word' id='word_1_150' title='bbox 1306 1801 1364 1852; x_wconf 89' lang='lat' dir='ltr'><strong>te</strong></span> <span class='ocrx_word' id='word_1_151' title='bbox 1400 1799 1546 1853; x_wconf 87' lang='lat' dir='ltr'><strong>iussa</strong></span> <span class='ocrx_word' id='word_1_152' title='bbox 1579 1801 1834 1870; x_wconf 59' lang='lat' dir='ltr'><strong>parentas</strong></span> 
     </span>
     <span class='ocr_line' id='line_1_24' title="bbox 264 1874 1916 1943; baseline 0.002 -16"><span class='ocrx_word' id='word_1_153' title='bbox 264 1874 500 1927; x_wconf 89' lang='lat' dir='ltr'><strong>Omnem</strong></span> <span class='ocrx_word' id='word_1_154' title='bbox 536 1875 789 1942; x_wconf 86' lang='lat' dir='ltr'><strong>equidem</strong></span> <span class='ocrx_word' id='word_1_155' title='bbox 826 1875 1055 1942; x_wconf 78' lang='lat' dir='ltr'><strong>sceptris</strong></span> <span class='ocrx_word' id='word_1_156' title='bbox 1089 1879 1296 1929; x_wconf 84' lang='lat' dir='ltr'><strong>terram</strong></span> <span class='ocrx_word' id='word_1_157' title='bbox 1333 1891 1472 1943; x_wconf 87' lang='lat' dir='ltr'><strong>quae</strong></span> <span class='ocrx_word' id='word_1_158' title='bbox 1507 1875 1680 1930; x_wconf 84' lang='lat' dir='ltr'><strong>libera</strong></span> <span class='ocrx_word' id='word_1_159' title='bbox 1713 1878 1916 1932; x_wconf 84' lang='lat' dir='ltr'><strong>nostris</strong></span> 
     </span>
     <span class='ocr_line' id='line_1_25' title="bbox 262 1949 1973 2017; baseline 0.003 -14"><span class='ocrx_word' id='word_1_160' title='bbox 262 1949 528 2017; x_wconf 80' lang='lat' dir='ltr'><strong>Dissidet,</strong></span> <span class='ocrx_word' id='word_1_161' title='bbox 566 1954 843 2004; x_wconf 79' lang='lat' dir='ltr'><strong>externam</strong></span> <span class='ocrx_word' id='word_1_162' title='bbox 881 1967 1019 2016; x_wconf 81' lang='lat' dir='ltr'><strong>reor,</strong></span> <span class='ocrx_word' id='word_1_163' title='bbox 1059 1956 1119 2004; x_wconf 89' lang='lat' dir='ltr'><strong>et</strong></span> <span class='ocrx_word' id='word_1_164' title='bbox 1154 1953 1230 2005; x_wconf 85' lang='lat' dir='ltr'><strong>sic</strong></span> <span class='ocrx_word' id='word_1_165' title='bbox 1265 1953 1450 2006; x_wconf 85' lang='lat' dir='ltr'><strong>dicere</strong></span> <span class='ocrx_word' id='word_1_166' title='bbox 1485 1953 1650 2006; x_wconf 84' lang='lat' dir='ltr'><strong>divos.</strong></span> <span class='ocrx_word' id='word_1_167' title='bbox 1900 1969 1973 2008; x_wconf 81' lang='lat'><strong>370</strong></span> 
     </span>
     <span class='ocr_line' id='line_1_26' title="bbox 262 2026 1618 2097; baseline 0.002 -18"><span class='ocrx_word' id='word_1_168' title='bbox 262 2026 339 2080; x_wconf 85' lang='lat' dir='ltr'><strong>Et</strong></span> <span class='ocrx_word' id='word_1_169' title='bbox 376 2026 575 2094; x_wconf 87' lang='lat' dir='ltr'><strong>Turne,</strong></span> <span class='ocrx_word' id='word_1_170' title='bbox 611 2028 655 2079; x_wconf 89' lang='lat' dir='ltr'><strong>si</strong></span> <span class='ocrx_word' id='word_1_171' title='bbox 690 2028 867 2095; x_wconf 87' lang='lat' dir='ltr'><strong>prima</strong></span> <span class='ocrx_word' id='word_1_172' title='bbox 901 2027 1096 2080; x_wconf 87' lang='lat' dir='ltr'><strong>domus</strong></span> <span class='ocrx_word' id='word_1_173' title='bbox 1130 2032 1416 2094; x_wconf 84' lang='lat' dir='ltr'><strong>repetatur</strong></span> <span class='ocrx_word' id='word_1_174' title='bbox 1452 2029 1618 2097; x_wconf 84' lang='lat' dir='ltr'><strong>origo,</strong></span> 
     </span>
     <span class='ocr_line' id='line_1_27' title="bbox 264 2101 1785 2173; baseline 0.004 -19"><span class='ocrx_word' id='word_1_175' title='bbox 264 2101 505 2156; x_wconf 80' lang='lat' dir='ltr'><strong>Inachus</strong></span> <span class='ocrx_word' id='word_1_176' title='bbox 544 2103 893 2170; x_wconf 82' lang='lat' dir='ltr'><strong>Acrisiusque</strong></span> <span class='ocrx_word' id='word_1_177' title='bbox 930 2107 1118 2170; x_wconf 86' lang='lat' dir='ltr'><strong>patres</strong></span> <span class='ocrx_word' id='word_1_178' title='bbox 1151 2105 1475 2172; x_wconf 85' lang='lat' dir='ltr'><strong>mediaeque</strong></span> <span class='ocrx_word' id='word_1_179' title='bbox 1512 2106 1785 2173; x_wconf 82' lang='lat' dir='ltr'><strong>Mycenae.</strong></span> 
     </span>
    </p>

    <p class='ocr_par' dir='ltr' id='par_1_3' title="bbox 260 2178 1975 3236">
     <span class='ocr_line' id='line_1_28' title="bbox 334 2178 1688 2250; baseline 0.002 -19"><span class='ocrx_word' id='word_1_180' title='bbox 334 2179 441 2232; x_wconf 89' lang='lat' dir='ltr'><strong>His</strong></span> <span class='ocrx_word' id='word_1_181' title='bbox 476 2178 570 2232; x_wconf 90' lang='lat' dir='ltr'><strong>ubi</strong></span> <span class='ocrx_word' id='word_1_182' title='bbox 603 2178 935 2248; x_wconf 80' lang='lat' dir='ltr'><strong>nequiquam</strong></span> <span class='ocrx_word' id='word_1_183' title='bbox 971 2179 1134 2232; x_wconf 85' lang='lat' dir='ltr'><strong>dietis</strong></span> <span class='ocrx_word' id='word_1_184' title='bbox 1170 2185 1399 2250; x_wconf 80' lang='lat' dir='ltr'><strong>experta</strong></span> <span class='ocrx_word' id='word_1_185' title='bbox 1434 2181 1688 2234; x_wconf 86' lang='lat' dir='ltr'><strong>Latinum</strong></span> 
     </span>
     <span class='ocr_line' id='line_1_29' title="bbox 262 2254 1798 2324; baseline 0.001 -15"><span class='ocrx_word' id='word_1_186' title='bbox 262 2254 473 2309; x_wconf 87' lang='lat' dir='ltr'><strong>Contra</strong></span> <span class='ocrx_word' id='word_1_187' title='bbox 508 2259 657 2308; x_wconf 84' lang='lat' dir='ltr'><strong>stare</strong></span> <span class='ocrx_word' id='word_1_188' title='bbox 690 2255 859 2322; x_wconf 80' lang='lat' dir='ltr'><strong>videt,</strong></span> <span class='ocrx_word' id='word_1_189' title='bbox 894 2257 1222 2324; x_wconf 81' lang='lat' dir='ltr'><strong>penitusque</strong></span> <span class='ocrx_word' id='word_1_190' title='bbox 1255 2257 1312 2308; x_wconf 91' lang='lat' dir='ltr'><strong>in</strong></span> <span class='ocrx_word' id='word_1_191' title='bbox 1347 2257 1555 2309; x_wconf 82' lang='lat' dir='ltr'><strong>viscera</strong></span> <span class='ocrx_word' id='word_1_192' title='bbox 1588 2256 1798 2324; x_wconf 86' lang='lat' dir='ltr'><strong>lapsum</strong></span> 
     </span>
     <span class='ocr_line' id='line_1_30' title="bbox 262 2330 1974 2401; baseline 0.003 -15"><span class='ocrx_word' id='word_1_193' title='bbox 262 2331 547 2400; x_wconf 82' lang='lat' dir='ltr'><strong>Serpentis</strong></span> <span class='ocrx_word' id='word_1_194' title='bbox 580 2330 775 2385; x_wconf 87' lang='lat' dir='ltr'><strong>furiale</strong></span> <span class='ocrx_word' id='word_1_195' title='bbox 808 2331 1024 2400; x_wconf 78' lang='lat' dir='ltr'><strong>malum,</strong></span> <span class='ocrx_word' id='word_1_196' title='bbox 1058 2335 1344 2400; x_wconf 86' lang='lat' dir='ltr'><strong>totamque</strong></span> <span class='ocrx_word' id='word_1_197' title='bbox 1379 2335 1640 2401; x_wconf 84' lang='lat' dir='ltr'><strong>pererrat,</strong></span> <span class='ocrx_word' id='word_1_198' title='bbox 1902 2349 1974 2391; x_wconf 79' lang='lat'><strong>³75</strong></span> 
     </span>
     <span class='ocr_line' id='line_1_31' title="bbox 262 2406 1680 2478; baseline 0.003 -19"><span class='ocrx_word' id='word_1_199' title='bbox 262 2406 403 2460; x_wconf 89' lang='lat' dir='ltr'><strong>Tum</strong></span> <span class='ocrx_word' id='word_1_200' title='bbox 438 2423 570 2460; x_wconf 82' lang='lat' dir='ltr'><strong>vero</strong></span> <span class='ocrx_word' id='word_1_201' title='bbox 603 2406 811 2474; x_wconf 85' lang='lat' dir='ltr'><strong>infelix,</strong></span> <span class='ocrx_word' id='word_1_202' title='bbox 848 2408 1160 2476; x_wconf 83' lang='lat' dir='ltr'><strong>ingentibus</strong></span> <span class='ocrx_word' id='word_1_203' title='bbox 1197 2410 1376 2464; x_wconf 81' lang='lat' dir='ltr'><strong>excita</strong></span> <span class='ocrx_word' id='word_1_204' title='bbox 1410 2410 1680 2478; x_wconf 82' lang='lat' dir='ltr'><strong>monstris,</strong></span> 
     </span>
     <span class='ocr_line' id='line_1_32' title="bbox 264 2482 1790 2555; baseline 0.004 -20"><span class='ocrx_word' id='word_1_205' title='bbox 264 2482 580 2536; x_wconf 86' lang='lat' dir='ltr'><strong>Inmensam</strong></span> <span class='ocrx_word' id='word_1_206' title='bbox 618 2484 734 2537; x_wconf 88' lang='lat' dir='ltr'><strong>sine</strong></span> <span class='ocrx_word' id='word_1_207' title='bbox 773 2501 923 2537; x_wconf 85' lang='lat' dir='ltr'><strong>more</strong></span> <span class='ocrx_word' id='word_1_208' title='bbox 959 2485 1093 2538; x_wconf 87' lang='lat' dir='ltr'><strong>furit</strong></span> <span class='ocrx_word' id='word_1_209' title='bbox 1127 2486 1404 2554; x_wconf 85' lang='lat' dir='ltr'><strong>lymphata</strong></span> <span class='ocrx_word' id='word_1_210' title='bbox 1439 2503 1538 2555; x_wconf 83' lang='lat' dir='ltr'><strong>per</strong></span> <span class='ocrx_word' id='word_1_211' title='bbox 1571 2487 1790 2541; x_wconf 86' lang='lat' dir='ltr'><strong>urbem:</strong></span> 
     </span>
     <span class='ocr_line' id='line_1_33' title="bbox 262 2558 1763 2630; baseline 0.001 -17"><span class='ocrx_word' id='word_1_212' title='bbox 262 2558 380 2613; x_wconf 87' lang='lat' dir='ltr'><strong>Ceu</strong></span> <span class='ocrx_word' id='word_1_213' title='bbox 418 2559 693 2630; x_wconf 83' lang='lat' dir='ltr'><strong>quondam</strong></span> <span class='ocrx_word' id='word_1_214' title='bbox 731 2564 877 2614; x_wconf 86' lang='lat' dir='ltr'><strong>torto</strong></span> <span class='ocrx_word' id='word_1_215' title='bbox 914 2562 1144 2615; x_wconf 82' lang='lat' dir='ltr'><strong>volitans</strong></span> <span class='ocrx_word' id='word_1_216' title='bbox 1181 2563 1284 2614; x_wconf 89' lang='lat' dir='ltr'><strong>sub</strong></span> <span class='ocrx_word' id='word_1_217' title='bbox 1320 2562 1547 2616; x_wconf 84' lang='lat' dir='ltr'><strong>verbere</strong></span> <span class='ocrx_word' id='word_1_218' title='bbox 1585 2562 1763 2629; x_wconf 80' lang='lat' dir='ltr'><strong>turbo,</strong></span> 
     </span>
     <span class='ocr_line' id='line_1_34' title="bbox 263 2635 1740 2706; baseline 0.001 -18"><span class='ocrx_word' id='word_1_219' title='bbox 263 2635 441 2699; x_wconf 85' lang='lat' dir='ltr'><strong>Quem</strong></span> <span class='ocrx_word' id='word_1_220' title='bbox 478 2636 635 2702; x_wconf 80' lang='lat' dir='ltr'><strong>pueri</strong></span> <span class='ocrx_word' id='word_1_221' title='bbox 668 2653 864 2704; x_wconf 84' lang='lat' dir='ltr'><strong>magno</strong></span> <span class='ocrx_word' id='word_1_222' title='bbox 898 2638 955 2691; x_wconf 89' lang='lat' dir='ltr'><strong>in</strong></span> <span class='ocrx_word' id='word_1_223' title='bbox 989 2653 1124 2706; x_wconf 85' lang='lat' dir='ltr'><strong>gyro</strong></span> <span class='ocrx_word' id='word_1_224' title='bbox 1158 2655 1328 2691; x_wconf 78' lang='lat' dir='ltr'><strong>vacua</strong></span> <span class='ocrx_word' id='word_1_225' title='bbox 1363 2639 1504 2692; x_wconf 85' lang='lat' dir='ltr'><strong>atria</strong></span> <span class='ocrx_word' id='word_1_226' title='bbox 1539 2637 1740 2690; x_wconf 85' lang='lat' dir='ltr'><strong>circum</strong></span> 
     </span>
     <span class='ocr_line' id='line_1_35' title="bbox 264 2711 1974 2779; baseline 0.004 -15"><span class='ocrx_word' id='word_1_227' title='bbox 264 2711 480 2765; x_wconf 86' lang='lat' dir='ltr'><strong>Intenti</strong></span> <span class='ocrx_word' id='word_1_228' title='bbox 515 2711 645 2765; x_wconf 92' lang='lat' dir='ltr'><strong>ludo</strong></span> <span class='ocrx_word' id='word_1_229' title='bbox 682 2717 969 2779; x_wconf 83' lang='lat' dir='ltr'><strong>exercent3</strong></span> <span class='ocrx_word' id='word_1_230' title='bbox 1003 2715 1098 2767; x_wconf 87' lang='lat' dir='ltr'><strong>ille</strong></span> <span class='ocrx_word' id='word_1_231' title='bbox 1135 2717 1289 2768; x_wconf 86' lang='lat' dir='ltr'><strong>actus</strong></span> <span class='ocrx_word' id='word_1_232' title='bbox 1324 2713 1536 2768; x_wconf 84' lang='lat' dir='ltr'><strong>habena</strong></span> <span class='ocrx_word' id='word_1_233' title='bbox 1899 2731 1974 2770; x_wconf 76' lang='lat' dir='ltr'><strong>aso</strong></span> 
     </span>
     <span class='ocr_line' id='line_1_36' title="bbox 263 2787 1612 2860; baseline 0.001 -17"><span class='ocrx_word' id='word_1_234' title='bbox 263 2787 521 2844; x_wconf 86' lang='lat' dir='ltr'><strong>Curvatis</strong></span> <span class='ocrx_word' id='word_1_235' title='bbox 557 2788 733 2843; x_wconf 85' lang='lat' dir='ltr'><strong>fertur</strong></span> <span class='ocrx_word' id='word_1_236' title='bbox 767 2791 984 2858; x_wconf 81' lang='lat' dir='ltr'><strong>spatiis3</strong></span> <span class='ocrx_word' id='word_1_237' title='bbox 1022 2793 1211 2859; x_wconf 85' lang='lat' dir='ltr'><strong>stupet</strong></span> <span class='ocrx_word' id='word_1_238' title='bbox 1246 2791 1416 2844; x_wconf 82' lang='lat' dir='ltr'><strong>inscia</strong></span> <span class='ocrx_word' id='word_1_239' title='bbox 1449 2807 1612 2860; x_wconf 85' lang='lat' dir='ltr'><strong>supra</strong></span> 
     </span>
     <span class='ocr_line' id='line_1_37' title="bbox 262 2864 1641 2933; baseline 0.003 -16"><span class='ocrx_word' id='word_1_240' title='bbox 262 2864 621 2933; x_wconf 83' lang='lat' dir='ltr'><strong>Inpubesque</strong></span> <span class='ocrx_word' id='word_1_241' title='bbox 657 2882 865 2933; x_wconf 76' lang='lat' dir='ltr'><strong>manuS‚</strong></span> <span class='ocrx_word' id='word_1_242' title='bbox 900 2868 1100 2920; x_wconf 86' lang='lat' dir='ltr'><strong>mirata</strong></span> <span class='ocrx_word' id='word_1_243' title='bbox 1135 2866 1371 2920; x_wconf 85' lang='lat' dir='ltr'><strong>volubile</strong></span> <span class='ocrx_word' id='word_1_244' title='bbox 1407 2867 1641 2932; x_wconf 79' lang='lat' dir='ltr'><strong>buxum3</strong></span> 
     </span>
     <span class='ocr_line' id='line_1_38' title="bbox 260 2939 1674 3011; baseline 0.004 -19"><span class='ocrx_word' id='word_1_245' title='bbox 260 2939 417 2994; x_wconf 87' lang='lat' dir='ltr'><strong>Dant</strong></span> <span class='ocrx_word' id='word_1_246' title='bbox 452 2940 660 2995; x_wconf 88' lang='lat' dir='ltr'><strong>animos</strong></span> <span class='ocrx_word' id='word_1_247' title='bbox 693 2942 905 3011; x_wconf 82' lang='lat' dir='ltr'><strong>plagae.</strong></span> <span class='ocrx_word' id='word_1_248' title='bbox 975 2944 1027 2995; x_wconf 89' lang='lat' dir='ltr'>N</span> <span class='ocrx_word' id='word_1_249' title='bbox 1030 2960 1101 2996; x_wconf 90' lang='lat' dir='ltr'><strong>on</strong></span> <span class='ocrx_word' id='word_1_250' title='bbox 1137 2959 1299 2996; x_wconf 87' lang='lat' dir='ltr'><strong>cursu</strong></span> <span class='ocrx_word' id='word_1_251' title='bbox 1334 2944 1549 3011; x_wconf 85' lang='lat' dir='ltr'><strong>segnior</strong></span> <span class='ocrx_word' id='word_1_252' title='bbox 1581 2945 1674 2997; x_wconf 87' lang='lat' dir='ltr'><strong>illo</strong></span> 
     </span>
     <span class='ocr_line' id='line_1_39' title="bbox 262 3016 1651 3086; baseline 0.001 -17"><span class='ocrx_word' id='word_1_253' title='bbox 262 3016 374 3070; x_wconf 88' lang='lat' dir='ltr'><strong>Per</strong></span> <span class='ocrx_word' id='word_1_254' title='bbox 406 3016 619 3070; x_wconf 85' lang='lat' dir='ltr'><strong>medias</strong></span> <span class='ocrx_word' id='word_1_255' title='bbox 652 3017 820 3070; x_wconf 88' lang='lat' dir='ltr'><strong>urbes</strong></span> <span class='ocrx_word' id='word_1_256' title='bbox 855 3019 1039 3084; x_wconf 80' lang='lat' dir='ltr'><strong>agitur</strong></span> <span class='ocrx_word' id='word_1_257' title='bbox 1071 3018 1408 3086; x_wconf 85' lang='lat' dir='ltr'><strong>populosque</strong></span> <span class='ocrx_word' id='word_1_258' title='bbox 1444 3019 1651 3072; x_wconf 85' lang='lat' dir='ltr'><strong>ferocis.</strong></span> 
     </span>
     <span class='ocr_line' id='line_1_40' title="bbox 260 3093 1975 3160; baseline -0.002 -14"><span class='ocrx_word' id='word_1_259' title='bbox 260 3093 409 3158; x_wconf 82' lang='lat' dir='ltr'><strong>Quin</strong></span> <span class='ocrx_word' id='word_1_260' title='bbox 447 3093 613 3146; x_wconf 82' lang='lat' dir='ltr'><strong>etiam</strong></span> <span class='ocrx_word' id='word_1_261' title='bbox 649 3094 705 3147; x_wconf 91' lang='lat' dir='ltr'><strong>in</strong></span> <span class='ocrx_word' id='word_1_262' title='bbox 742 3094 919 3160; x_wconf 72' lang='lat' dir='ltr'><strong>silvas,</strong></span> <span class='ocrx_word' id='word_1_263' title='bbox 955 3095 1209 3147; x_wconf 84' lang='lat' dir='ltr'><strong>simulato</strong></span> <span class='ocrx_word' id='word_1_264' title='bbox 1245 3094 1465 3147; x_wconf 89' lang='lat' dir='ltr'><strong>numine</strong></span> <span class='ocrx_word' id='word_1_265' title='bbox 1502 3094 1718 3159; x_wconf 77' lang='lat' dir='ltr'><strong>Bacchi,</strong></span> <span class='ocrx_word' id='word_1_266' title='bbox 1904 3105 1975 3143; x_wconf 77' lang='lat'><strong>385</strong></span> 
     </span>
     <span class='ocr_line' id='line_1_41' title="bbox 262 3167 1720 3236; baseline -0.001 -14"><span class='ocrx_word' id='word_1_267' title='bbox 262 3167 446 3222; x_wconf 87' lang='lat' dir='ltr'><strong>Maius</strong></span> <span class='ocrx_word' id='word_1_268' title='bbox 481 3167 681 3223; x_wconf 80' lang='lat' dir='ltr'><strong>adorta</strong></span> <span class='ocrx_word' id='word_1_269' title='bbox 713 3169 868 3222; x_wconf 83' lang='lat' dir='ltr'><strong>nefas</strong></span> <span class='ocrx_word' id='word_1_270' title='bbox 902 3169 1272 3236; x_wconf 79' lang='lat' dir='ltr'><strong>maioremque</strong></span> <span class='ocrx_word' id='word_1_271' title='bbox 1306 3185 1430 3222; x_wconf 81' lang='lat' dir='ltr'><strong>orsa</strong></span> <span class='ocrx_word' id='word_1_272' title='bbox 1462 3170 1720 3231; x_wconf 85' lang='lat' dir='ltr'><strong>furorem,</strong></span> 
     </span>
    </p>
   </div>
  </div>
 </body>
</html>
