2163 3401
790 100 839 146 A
848 96 1156 149 ENEIDOS
1189 98 1326 151 LIB.
1363 100 1434 149 X.
1879 109 1977 157 283

273 178 467 232 Mente
504 178 683 244 dares,
718 184 887 247 atque
924 178 1059 233 haec
1095 181 1278 233 Turno
1313 184 1438 236 rata
1471 181 1586 237 vita
1621 187 1906 241 maneret?

272 254 325 307 N
328 270 435 307 unc
470 258 658 308 manet
691 254 979 309 insontem·
997 257 1182 323 gravis
1217 257 1430 323 exitus;
1464 262 1562 312 aut
1591 275 1692 327 ego
1719 262 1837 315 veri
1906 278 1980 317 σω

273 330 435 383 Vana
468 330 629 384 feror.
705 331 865 395 Quod
900 335 965 385 ut
999 349 1033 385 o
1067 333 1251 401 potius
1286 333 1574 389 formidine
1609 336 1748 391 falsa

274 406 478 473 Ludat,
516 410 576 461 et
608 406 667 459 in
704 408 897 461 melius
932 411 1044 475 tua,
1083 410 1177 477 qui
1211 413 1384 479 potes,
1421 427 1548 465 orsa
1581 412 1864 469 reflectas!

276 483 433 536 Haec
470 482 565 536 ubi
601 483 751 537 dieta
786 484 958 549 dedit,
996 486 1146 539 caelo
1181 502 1242 539 se
1275 487 1526 555 protinus
1562 488 1672 541 alto

274 558 447 626 Misit,
484 576 655 627 agens
688 560 925 614 hiemem
960 562 1148 615 nimbo
1185 562 1460 618 succincta
1494 580 1594 633 per
1627 581 1804 634 auras,

278 634 615 704 Iliacamque
650 636 827 691 aciem
862 640 921 690 et
958 637 1256 693 Laurentia
1290 644 1472 694 castra
1506 642 1719 709 petivit.
1905 658 1978 697 σω

276 711 415 764 Tum
452 712 557 765 dea
591 713 737 767 nube
770 730 903 767 cava
937 718 1160 769 tenuem
1195 716 1312 769 sine
1347 716 1555 771 viribus
1589 716 1839 771 umbram

277 788 347 841 In
380 789 578 842 faciem
615 791 1027 844 Aeneae—visu
1062 791 1312 846 mirabile
1347 798 1720 847 monstrum-

274 865 571 919 Dardaniis
604 871 765 921 ornat
798 868 939 933 telis,
976 867 1320 937 clipeumque
1354 870 1622 936 iubasque

274 941 461 995 Divini
497 942 793 998 adsimulat
828 944 1039 1013 capitis,
1078 943 1178 997 dat
1213 944 1396 998 inania
1430 944 1612 1011 verba,

276 1017 391 1072 Dat
426 1017 543 1073 sine
568 1023 755 1073 mente
783 1035 991 1087 sonum,
1018 1036 1350 1089 gressusque
1383 1020 1594 1089 effingit
1627 1020 1837 1075 euntis:
1905 1036 1978 1074 ew

275 1094 462 1148 Morte
496 1094 649 1150 obita
682 1096 862 1165 qualis
895 1095 1041 1149 fama
1076 1100 1166 1149 est
1199 1097 1430 1151 volitare
1465 1097 1683 1165 figuras,

277 1173 401 1224 Aut
436 1187 578 1238 quae
614 1172 821 1241 sopitos
856 1171 1128 1226 deludunt
1163 1172 1371 1227 somnia
1405 1189 1610 1227 sensus.

278 1249 361 1302 At
396 1248 601 1315 primas
637 1248 781 1303 laeta
816 1251 946 1302 ante
980 1248 1124 1302 acies
1159 1248 1403 1304 exsultat
1437 1250 1630 1318 imago,

278 1324 595 1391 Inritatque
628 1325 806 1377 virum
840 1324 967 1377 telis
1002 1328 1063 1378 et
1097 1341 1228 1379 voce
1263 1325 1496 1380 lacessit.

276 1399 462 1456 Instat
496 1399 585 1453 eui
621 1401 850 1468 Turnus,
883 1400 1324 1469 stridentemque
1361 1402 1572 1455 eminus
1605 1401 1822 1455 hastam
1906 1418 1979 1456 ωε

277 1475 545 1541 Couiicit3
590 1476 685 1530 ina
720 1476 852 1531 dato
885 1477 1057 1531 vertit
1093 1477 1326 1544 vestigia
1361 1480 1534 1545 tergo.

276 1552 415 1606 Tum
452 1568 582 1606 vero
618 1554 848 1607 Aenean
882 1570 1136 1607 aversum
1167 1556 1234 1607 ut
1269 1552 1466 1607 cedere
1502 1553 1714 1607 Turnus

279 1628 547 1697 Credidit,
581 1633 750 1698 atque
784 1630 965 1683 animo
1002 1646 1156 1698 spem
1191 1627 1448 1684 turbidus
1483 1628 1668 1683 hausit
1700 1629 1942 1683 inanem:

278 1707 399 1770 Quo
435 1706 595 1774 fugis,
632 1709 857 1761 Aenea?
894 1707 1164 1761 thalamos
1200 1723 1270 1760 ne
1305 1706 1500 1761 desere
1533 1709 1754 1775 pactos3

278 1781 401 1836 Hac
439 1782 663 1836 dabitur
697 1783 897 1838 dextra
930 1781 1098 1838 tellus
1133 1783 1382 1852 quaesita
1415 1799 1517 1852 per
1551 1781 1742 1836 undas.
1909 1797 1981 1835 σεο

277 1859 432 1912 Talia
466 1859 767 1914 vociferans
802 1859 1067 1928 sequitur,
1105 1861 1466 1928 strictumque
1501 1862 1752 1914 coruscat

276 1935 629 2000 Mucrouem3
663 1952 765 1989 nee
799 1937 945 1991 ferre
978 1936 1132 1990 videt
1167 1952 1266 1990 sua
1297 1935 1502 2004 gaudia
1534 1939 1741 1990 ventos.

278 2010 451 2065 Forte
484 2011 621 2065 ratis
654 2012 785 2066 celsi
820 2013 1110 2066 coniuncta
1145 2013 1426 2082 crepidine
1461 2013 1576 2067 saxi

278 2087 558 2156 Expositis
592 2087 777 2143 stabat
812 2089 971 2155 scalis
1006 2093 1067 2142 et
1100 2093 1268 2157 ponte
1302 2093 1508 2156 parato,

279 2164 401 2228 Qua
430 2179 535 2228 ‚rex
572 2164 803 2218 Clusinis
838 2165 1101 2219 advectus
1139 2164 1359 2217 Osinius
1393 2164 1518 2218 oris.
1911 2179 1986 2217 655

280 2239 408 2294 Huc
443 2256 566 2294 sese
604 2241 818 2310 trepida
855 2245 1077 2295 Aeneae
1111 2240 1371 2308 fugientis
1406 2240 1586 2305 imago

280 2316 516 2370 Coniicit
548 2317 605 2370 in
640 2317 909 2383 latebras;
944 2334 1046 2371 nec
1079 2318 1296 2370 Turnus
1331 2314 1549 2383 segnior
1582 2313 1769 2379 instat,

280 2392 700 2461 Exsuperatque
734 2409 929 2462 moras,
967 2397 1026 2447 et
1060 2393 1242 2462 pontis
1279 2391 1518 2446 transilit
1552 2389 1706 2444 altos.

280 2468 392 2521 Vix
426 2485 646 2538 proram
681 2471 973 2538 attigerat:
1008 2471 1218 2539 rumpit
1256 2468 1513 2523 Saturnia
1546 2467 1749 2533 funem,

283 2545 655 2614 Avolsamque
690 2546 838 2614 rapit
871 2547 1120 2601 revoluta
1155 2562 1257 2614 per
1290 2561 1530 2613 aequora
1566 2556 1775 2596 navem.
1917 2555 1990 2593 eoo

283 2620 447 2674 Illum
484 2626 671 2675 autem
709 2624 926 2676 Aeneas
960 2621 1244 2676 absentem
1281 2622 1338 2674 in
1371 2620 1582 2690 proelia
1614 2615 1820 2686 poscit:

283 2695 460 2750 Obvia
494 2697 669 2750 multa
704 2697 883 2752 virum
918 2698 1166 2753 demittit
1200 2713 1428 2766 corpora
1463 2694 1642 2749 morti.

282 2771 419 2826 Tum
452 2772 589 2828 levis
622 2772 772 2827 haud
806 2773 955 2828 ultra
988 2774 1230 2828 latebras
1263 2774 1374 2827 iam
1409 2771 1630 2842 quaerit
1662 2769 1859 2837 imago,

283 2848 396 2902 Sed
430 2848 665 2903 sublime
699 2849 887 2904 volans
920 2850 1054 2905 nubi
1089 2868 1149 2905 se
1183 2850 1459 2904 inmiscuit
1494 2852 1677 2903 atrae:

282 2924 422 2979 Cum
460 2925 699 2978 Turnum
737 2927 918 2979 medio
952 2927 1168 2981 interea
1201 2928 1312 2980 fert
1347 2941 1584 2994 aequore
1619 2921 1796 2977 turbe.
1915 2935 1990 2973 ωε

283 3000 535 3070 Respicit
569 3003 793 3068 ignarus
828 3018 1013 3054 rerum
1046 3003 1408 3070 ingratusque
1445 3000 1650 3065 salutiS,

282 3076 357 3130 Et
392 3076 627 3146 duplicis
663 3093 787 3130 cum
822 3092 953 3129 voce
988 3093 1182 3130 manus
1215 3076 1288 3129 ad
1325 3076 1508 3130 sidera
1543 3073 1750 3129 tendit:

282 3153 648 3220 Omnipotens
681 3151 914 3218 genitor,
948 3153 1154 3205 tanton'
1191 3167 1282 3206 me
1317 3151 1544 3206 crimine
1580 3150 1810 3216 dignum
