2163 3401
824 56 1193 107 AENEIDOS
1227 58 1366 107 LIB.
1404 59 1473 107 X.
1912 64 2005 111 269

301 139 528 194 Hortati
568 154 770 206 sumus,
807 140 908 192 aut
944 137 1117 191 vitam
1153 139 1498 194 committere
1535 141 1755 195 ventis?

299 215 448 269 Num
485 231 656 284 puero
695 231 960 268 summam
997 213 1143 281 belli,
1174 231 1307 269 num
1340 216 1567 271 eredere
1604 219 1827 271 muros?
1956 228 2005 271 7ο

299 292 745 359 Tyrrhenamque
780 290 948 344 fidem
985 294 1083 345 aut
1117 292 1299 359 gentis
1334 292 1547 359 agitare
1582 292 1837 359 quietas?

300 367 435 431 Quis
473 367 612 421 deus
649 367 706 420 in
743 366 1009 434 fi‘audem,
1049 384 1192 436 quae
1230 368 1371 421 dura
1407 368 1654 436 potentia
1690 368 1865 422 nostri

297 443 468 513 Egit?
505 442 600 495 ubi
638 438 728 497 hic
773 442 928 509 Iuno,
968 443 1274 497 demissave
1316 442 1553 497 nubibus
1598 443 1744 497 Iris?

297 520 597 587 Indignum
637 523 724 573 est
765 519 938 573 Italos
975 519 1194 573 Troiam
1232 520 1571 573 circumdare
1609 519 1841 573 flammis

295 595 348 648 N
351 599 646 663 aseentem,
683 598 742 649 et
775 595 960 664 patria
997 595 1243 649 Turnum
1278 596 1578 653 consistere
1618 599 1783 659 terra,
1953 607 2000 650 ⁷⁵

297 672 400 725 Cui
442 672 725 725 Pilumnus
763 687 911 738 avuS,
951 671 1038 725 cui
1076 671 1202 724 diva
1244 671 1459 726 Venilia
1498 674 1709 726 mater:

297 746 460 815 Quid,
499 748 618 801 face
653 748 914 801 Troianos
949 752 1072 800 atra
1107 748 1217 799 vim
1252 747 1397 801 ferre
1436 747 1662 814 Latinis,

296 824 450 875 Arva
487 822 665 875 aliena
701 823 830 891 iugo
870 839 1125 891 premere
1164 826 1332 891 atque
1370 826 1621 877 avertere
1656 824 1931 892 praedas?

296 896 444 962 Quid
484 914 698 951 soceros
736 898 921 966 legere
951 902 1010 951 et
1047 899 1271 965 gremiis
1309 897 1582 952 abducere
1614 903 1817 967 pactas,

295 972 497 1027 Pacem
535 990 692 1028 orare
728 990 909 1041 manu,
950 974 1255 1042 praefigere
1288 973 1565 1043 puppibus
1596 977 1789 1029 annal
1948 991 1999 1029 so

293 1050 376 1103 Tu
413 1054 576 1119 potes
613 1055 842 1105 Aenean
878 1050 1131 1103 manibus
1168 1050 1473 1105 subducere
1514 1050 1758 1118 Graium,

295 1126 516 1195 Proque
555 1128 672 1180 viro
707 1127 964 1181 nebulam
1001 1130 1061 1181 et
1100 1130 1293 1181 ventos
1330 1126 1630 1181 obtendere
1667 1127 1859 1195 inanis,
1954 1120 1963 1134 '

294 1203 368 1256 Et
403 1206 563 1272 potes
597 1204 654 1257 in
689 1204 926 1257 totidem
961 1203 1190 1257 classem
1224 1208 1543 1258 convertere
1581 1204 1863 1273 Nymphas
1877 1225 1899 1271 ,a

292 1279 412 1332 Nos
445 1277 658 1349 aliquid
696 1280 930 1333 Rutulos
963 1282 1157 1335 emti-a
1191 1279 1391 1334 iuvisse
1426 1281 1724 1334 nefandum
1761 1282 1886 1335 est?

293 1358 516 1409 Aeneas
553 1355 776 1423 ignarus
818 1356 1008 1410 abest:
1055 1355 1279 1423 ignarus
1320 1360 1380 1410 et
1419 1355 1579 1409 absit.
1946 1371 1997 1409 86

291 1430 394 1485 Est
443 1430 678 1500 Paphus,
719 1432 1066 1500 Idaliumque
1105 1432 1221 1497 tibi,
1262 1434 1391 1485 sunt
1429 1432 1543 1485 alta
1584 1432 1857 1500 Cythera:

292 1506 440 1571 Quid
461 1507 746 1575 gravidam
779 1506 935 1561 bellis
967 1507 1165 1561 urbem
1196 1511 1256 1562 et
1286 1507 1452 1561 corda
1484 1523 1681 1575 aspera
1708 1509 1989 1576 temptas?

290 1582 480 1636 Nosne
515 1583 622 1637 tibi
659 1584 834 1637 fluxas
872 1583 1143 1651 Phrygiae
1174 1600 1271 1637 res
1308 1586 1527 1637 vertere
1564 1582 1735 1637 fundo

292 1658 597 1714 conamur?
640 1661 780 1714 nos?
828 1676 896 1714 an
939 1660 1167 1714 miseros
1204 1659 1299 1730 qui
1339 1659 1509 1714 Troas
1550 1658 1777 1714 Achivis

289 1735 552 1791 Obiecit?
600 1735 752 1800 Quae
793 1752 985 1790 caussa
1025 1736 1148 1803 fuit,
1190 1753 1520 1804 consurgere
1559 1736 1617 1790 in
1658 1752 1811 1790 arma
1942 1753 1994 1791 oo

290 1811 678 1881 Europamque
713 1813 1032 1881 Asiamque,
1068 1816 1128 1866 et
1161 1813 1386 1866 foedera
1421 1813 1631 1866 solvero
1667 1813 1853 1866 furto?

289 1887 385 1942 Me
425 1889 566 1942 duee
603 1889 916 1942 Dardanius
949 1889 1206 1956 Spartam
1246 1890 1579 1958 expugnavit
1617 1888 1853 1956 adulter,

290 1964 414 2017 Aut
453 1981 555 2032 ego
593 1965 706 2018 tela
745 1965 890 2032 dedi,
927 1964 1105 2018 fovive
1149 1965 1419 2034 Cupidine
1458 1965 1645 2020 bella?

289 2037 428 2093 Tum
467 2041 654 2094 decuit
691 2042 952 2094 metuisse
986 2040 1134 2095 tuis:
1168 2057 1312 2094 nunc
1351 2058 1475 2097 sera
1512 2042 1751 2110 querelis

289 2114 460 2169 Haud
495 2116 656 2171 iustis
699 2116 964 2183 adsurgiS,
1009 2119 1068 2170 et
1105 2117 1273 2170 inrita
1314 2116 1491 2183 iurgia
1531 2116 1717 2170 iactas.
1943 2130 1989 2167 95

359 2191 582 2245 Talibus
619 2192 814 2246 orabat
851 2192 1006 2258 Iun0,
1031 2191 1324 2261 cunctique
1348 2190 1655 2245 fremebant

288 2267 588 2322 Caelicolae
623 2269 859 2322 adsensu
892 2268 1072 2332 vari03
1120 2284 1221 2321 ceu
1255 2266 1473 2320 flamina
1506 2266 1685 2335 prima

287 2344 425 2399 Cum
465 2345 736 2412 deprensa
767 2346 1012 2398 fremunt
1047 2343 1213 2411 silviS,
1257 2347 1315 2397 et
1358 2357 1519 2398 caeca
1556 2343 1807 2398 volutant

287 2420 588 2487 Murmura,
626 2425 885 2474 venturos
919 2419 1103 2473 nautis
1138 2419 1429 2488 prodentia
1463 2423 1671 2480 ventos.

286 2497 423 2549 Tum
461 2497 631 2550 Pater
665 2497 1022 2564 omnipotenS,
1056 2513 1242 2550 rerum
1277 2497 1364 2552 cui
1399 2497 1577 2566 prima
1610 2499 1869 2564 potestaS,
1917 2511 1989 2549 100

287 2573 456 2637 Infit;
501 2589 574 2627 eo
606 2573 824 2627 dicente
865 2573 1030 2626 deum
1071 2572 1267 2626 domus
1304 2573 1417 2626 alta
1456 2572 1675 2638 silescit,

286 2648 361 2703 Et
394 2651 722 2704 tremefacta
759 2650 872 2703 solo
908 2649 1107 2714 tellus3
1156 2649 1282 2704 silet
1316 2650 1519 2703 arduus
1555 2647 1783 2713 aether;

284 2725 421 2779 Tum
447 2725 681 2796 Zephyri
714 2741 980 2796 posuere;
1021 2726 1228 2795 premit
1258 2726 1472 2794 placida
1503 2741 1743 2795 aequora
1772 2729 1986 2793 pontus,

285 2803 538 2873 Accipite
579 2820 710 2872 ergo
742 2800 944 2857 ‘animis
984 2807 1155 2872 atque
1193 2803 1328 2857 haec
1364 2821 1487 2858 mea
1525 2803 1677 2870 figite
1716 2801 1877 2855 dicta.

283 2879 740 2949 Quandoquidem
775 2880 1048 2934 Ausonios
1081 2880 1334 2946 coniungi
1366 2879 1589 2933 foedere
1623 2877 1845 2931 Teucris
1908 2893 1985 2930 ‚105

284 2955 455 3010 Haud
492 2957 715 3023 licitum,
753 2973 854 3011 nec
890 2960 1076 3010 vestra
1112 2956 1261 3022 capit
1298 2954 1573 3007 discordia
1613 2953 1808 3016 finem:

284 3031 438 3096 Quae
460 3033 660 3101 cuique
675 3036 760 3086 est
775 3033 998 3086 fortuna
1013 3031 1193 3096 hodie,
1214 3046 1378 3100 quam
1398 3028 1629 3096 quisque
1645 3029 1794 3080 secat
1812 3039 1980 3093 spem,

282 3107 418 3163 Tros
457 3107 768 3162 Rutulusne
799 3110 936 3173 fuat,
975 3107 1125 3159 nullo
1158 3104 1467 3160 discrimine
1504 3101 1731 3163 habebo,
1940 3155 1961 3163 ,

1998 3251 2113 3328 Δ
