2163 3401
768 99 1138 153 AENEIDOS
1171 103 1311 155 LIB.
1347 103 1420 157 X.
1851 108 1947 161 277

240 182 653 249 Anchemolum,
690 183 961 237 thalamos
994 199 1190 238 ausum
1221 184 1495 241 incestare
1527 202 1808 242 novercae.

236 258 351 311 Vos
390 257 558 312 etiam
592 259 797 326 gemini
836 259 1057 313 Rutulis
1095 260 1370 316 cecidistis
1404 264 1464 317 in
1499 262 1658 331 arvis,
1874 278 1950 317 800

236 333 463 401 Baucis,
502 334 701 387 Laride
739 335 1138 405 Thymberque,
1177 337 1452 395 simillima
1484 340 1682 408 proles,

238 410 551 465 Indiscrcta
586 411 699 464 suis
732 417 1035 480 gratusque
1069 414 1396 482 parentibus
1431 432 1619 480 error-3

238 488 321 540 At
353 504 499 540 nunc
534 486 675 541 dura
709 487 867 542 dedit
902 488 1059 542 vobis
1093 488 1406 545 discrimina
1442 491 1654 546 Pallas:

237 563 381 617 Nam
418 562 537 629 tibi,
576 563 861 632 Thymbre,
896 567 1063 632 caput
1099 565 1410 621 Euandrius
1444 566 1678 621 abstulit
1715 567 1900 631 ensis,
1887 588 1898 600 ·

237 639 313 693 Te
350 638 537 692 decisa
570 656 743 707 suum,
781 639 999 707 Laride,
1036 640 1268 695 dextera
1311 644 1543 712 quaerit,
1873 658 1944 697 395

238 715 705 783 Semianimesque
738 716 946 769 micant
976 682 1140 784 digiti
1175 717 1496 788 ferrumque
1531 721 1851 773 retractant

241 790 521 857 Arcadas,
541 807 797 845 accensos
832 760 1069 845 monitu*
1080 798 1140 846 et
1174 794 1456 861 praeclara
1489 795 1700 850 tuentis

240 866 412 921 Facta
446 866 565 933 viri,
601 866 809 921 mixtus
845 867 1003 921 dolor
1037 872 1098 922 ct
1131 869 1310 937 pudor
1343 875 1522 925 armat
1557 872 1614 924 in
1650 870 1838 925 hostis.

239 943 376 995 Tum
418 942 598 995 Pallas
631 942 835 1012 biiugis
869 944 1174 1012 fugientem
1211 945 1463 1000 Rhoetea
1496 950 1721 1016 praeter

237 1017 475 1078 Traiicit.
548 1018 671 1073 Hoc
705 1019 945 1089 spatium
980 1024 1307 1089 tantumque
1341 1038 1526 1075 morae
1559 1021 1667 1076 fuit
1703 1022 1821 1085 1103
1870 1037 1945 1076 400

239 1093 324 1147 llo
359 1110 599 1163 namque
633 1095 819 1162 procul
858 1096 1096 1149 validam
1130 1096 1416 1152 direxerat
1449 1098 1689 1152 hastam:

239 1169 413 1232 Quam
450 1170 667 1224 medius
706 1170 987 1225 Rhoeteus
1021 1172 1317 1243 intercipit,
1353 1178 1578 1243 optume
1614 1175 1873 1241 Teuthra,

237 1244 313 1299 Te
347 1244 565 1313 fugiens
600 1246 939 1317 fratremque
976 1248 1188 1316 Tyren;
1221 1266 1494 1320 curruque
1529 1252 1748 1305 volutus

238 1321 438 1375 Caedit
474 1321 805 1376 semianimis
843 1323 1173 1377 Rutulorum
1209 1325 1448 1379 calcibus
1481 1344 1622 1381 arva.

238 1398 323 1451 Ac
359 1397 527 1462 velut,
564 1401 753 1466 optato
786 1399 965 1453 ventis
1000 1401 1213 1454 aestate
1249 1402 1464 1467 coortis,
1869 1418 1942 1457 4⁰5

236 1472 501 1542 Dispersa
534 1473 769 1527 inmittit
804 1474 953 1527 silvis
987 1474 1240 1529 incendia
1273 1482 1492 1543 pastui-3

236 1549 521 1618 Correptis
557 1548 741 1603 subito
776 1550 973 1604 mediis
1010 1551 1332 1605 extenditur
1366 1569 1477 1606 una

238 1624 483 1678 Horrida
512 1638 613 1691 per
652 1626 793 1679 latos
828 1626 973 1679 acies
1009 1626 1276 1681 Volcania
1308 1644 1559 1697 campos3

235 1702 339 1756 Illc
378 1702 577 1756 sedens
611 1703 787 1757 victor
822 1703 1067 1758 flammas
1105 1704 1393 1773 despectat
1427 1707 1662 1762 ovantis:

234 1778 361 1832 Non
398 1779 559 1832 aliter
596 1779 800 1832 socium
836 1779 1012 1834 virtus
1048 1780 1160 1834 coit
1195 1782 1370 1834 omnis
1406 1781 1461 1834 in
1497 1799 1681 1849 unum,
1869 1798 1944 1838 410

233 1855 421 1924 Teque
456 1856 621 1921 iuvat,
663 1855 829 1910 Palla.
902 1856 1012 1910 Sed
1047 1856 1208 1910 bellis
1240 1873 1368 1911 acer
1405 1858 1676 1913 Halaesus

232 1930 436 1985 Tendit
472 1931 527 1993 in
562 1931 837 1999 adversos,
872 1949 1041 2002 seque
1075 1933 1132 1985 in
1169 1949 1267 1986 sua
1301 1934 1506 2004 colligit
1539 1953 1704 1990 arma.

234 2007 288 2060 H
295 2008 345 2061 ic
380 2011 587 2061 mactat
623 2007 848 2062 Ladona
886 2009 1231 2078 Pheretaque
1269 2010 1784 2082 Demodocumq1103

234 2083 547 2152 Strymonio
584 2083 836 2137 dextram
874 2084 1108 2152 fulgenti
1147 2085 1350 2154 deripit
1387 2103 1514 2140 ense

233 2159 455 2224 Elatum
491 2159 547 2212 in
582 2158 859 2227 iugulum:
897 2177 1028 2213 saxo
1062 2161 1194 2214 ferit
1231 2177 1328 2214 cra
1363 2160 1639 2230 Thoantis,
1870 2177 1943 2218 415

233 2235 485 2304 Ossaque
522 2234 783 2304 dispersit
818 2235 1044 2290 cerebro
1078 2236 1356 2305 permixta
1391 2241 1630 2289 cruente.

234 2312 376 2366 Fata
409 2328 607 2364 canens
643 2310 792 2364 silvis
826 2312 1044 2379 genitor
1078 2313 1285 2366 celarat
1321 2312 1653 2379 Halaesum3

232 2388 315 2441 Ut
353 2387 534 2440 senior
569 2386 684 2442 leto
719 2388 974 2441 canentia
1006 2388 1216 2443 lumina
1250 2387 1427 2456 solvit,

236 2464 486 2518 Iniecere
521 2479 743 2518 manum
780 2464 1000 2530 Parcae,
1036 2464 1276 2533 telisque
1313 2468 1596 2519 sacrarunt

235 2539 495 2594 Euandri.
570 2540 745 2603 Quem
781 2541 857 2594 sic
894 2540 1075 2594 Pallas
1109 2541 1254 2610 petit
1288 2545 1418 2594 ante
1449 2545 1732 2609 precatus:
1869 2556 1944 2594 420

235 2615 323 2669 Da
357 2632 514 2681 nunc,
553 2615 754 2685 Thybri
790 2623 964 2685 pater,
1000 2617 1163 2684 ferm,
1201 2616 1350 2686 quod
1385 2617 1588 2670 missile
1624 2616 1776 2684 libro,

240 2693 538 2745 Fortunam
572 2696 741 2761 atque
776 2693 919 2746 viam
955 2692 1080 2747 duri
1117 2709 1218 2762 per
1252 2695 1445 2761 pectus
1483 2692 1722 2746 Halaesi.

237 2768 393 2822 Haec
429 2784 585 2822 arma
620 2768 953 2838 exuviasque
988 2769 1092 2822 viri
1126 2771 1225 2822 tua
1261 2783 1494 2836 quercus
1530 2768 1794 2823 habebit.-

238 2844 437 2899 Audiit
472 2844 567 2897 illa
602 2842 775 2910 deus;
812 2844 942 2898 dum
978 2845 1122 2898 texit
1161 2845 1387 2898 Imaona
1424 2843 1711 2913 HalaesuS‚
1771 2879 1780 2888 „

239 2919 481 2986 Arcadio
514 2919 705 2974 infelix
740 2921 853 2974 telo
888 2921 986 2974 dat
1020 2925 1214 2988 pectus
1248 2921 1536 2975 inermum.
1807 2947 1814 2954 ·
1871 2938 1942 2975 425

242 2999 320 3050 At
356 3012 463 3049 non
499 2996 669 3049 caede
704 2996 807 3049 viri
842 3000 999 3049 tanta
1032 2996 1329 3062 perterrita
1346 2995 1589 3062 ‘Lausus,

240 3073 377 3136 Pars
408 3073 604 3139 ingens
642 3071 787 3135 belli,
823 3072 953 3124 sinit
985 3071 1233 3137 agmina:
1270 3070 1480 3136 primus
1516 3070 1794 3125 Abantem
1819 3105 1854 3146 Ι»

238 3147 569 3219 Oppositum
603 3147 887 3212 interimit,
922 3161 1138 3214 pugnae
1171 3144 1487 3212 nodumque
1522 3161 1853 3216 moramque.
