2163 3401
216 89 278 133 es
672 82 734 131 P.
770 80 1079 129 VERGILI
1114 50 1447 131 MARom's

221 162 487 217 Pontibus
522 164 585 215 ut
620 160 825 214 crebris
862 160 1071 229 possint
1109 161 1406 215 consistere
1441 164 1503 215 et
1535 160 1654 217 alas

218 239 467 293 Pandere
504 237 577 292 ad
613 237 878 289 aestivum
916 236 1100 303 solem,
1140 236 1185 288 si
1221 236 1364 290 forte
1401 240 1664 293 morantis

216 315 489 384 Sparserit
524 319 620 367 aut
657 328 917 382 praeceps
955 311 1214 379 Neptuno
1249 313 1558 367 inmerserit
1594 314 1786 371 Eurus.

216 392 369 446 Haec
404 392 603 444 circum
640 390 814 443 casiae
854 388 1053 442 virides
1093 396 1150 441 et
1188 390 1390 441 olentia
1424 390 1536 444 late
1877 392 1932 451 ab

214 467 461 537 Serpylla
496 470 554 519 et
588 466 829 534 graviter
866 465 1122 533 spirantis
1157 466 1312 534 copia
1345 465 1631 534 thymbrae

214 544 449 611 Floreat,
485 544 870 610 inriguumque
906 540 1104 593 bibant
1142 540 1364 595 violaria
1397 542 1622 597 fontem.

214 624 345 693 Ipsa
380 628 580 687 autem,
617 636 711 673 seu
750 617 1040 672 corticibus
1078 617 1182 671 tibi
1217 622 1341 671 suta
1375 620 1592 686 cavatiS‚

212 694 321 754 Seu
353 700 504 753 lento
538 697 740 751 fuerint
777 694 1010 748 alvearia
1047 694 1246 748 vimine
1282 698 1451 762 texta,

214 779 493 844 Angustos
528 774 766 827 habeant
803 772 1011 825 aditus:
1048 788 1174 824 nam
1209 772 1410 840 frigore
1445 771 1608 825 mella
1871 788 1924 829 ³⁵

212 853 371 921 Cogit
405 852 631 920 hiemps,
670 849 972 919 eademque
1008 848 1156 901 calor
1188 847 1482 917 liquefacta
1516 848 1762 903 remittit.

210 929 464 997 Utraque
500 929 581 981 vis
620 927 811 997 apibus
846 926 1053 995 pariter
1090 924 1418 989 metuenda3
1453 941 1632 993 neque
1664 925 1793 980 illae

212 1004 555 1075 Nequiquam
592 1005 648 1057 in
683 1004 843 1057 tectis
880 1002 1130 1055 certatim
1167 1002 1354 1055 tenuia
1387 1017 1514 1055 cera

209 1082 555 1149 Spiramenta
589 1080 781 1142 linunt,
819 1080 1051 1147 fucoque
1088 1082 1146 1131 et
1182 1077 1405 1131 floribus
1441 1094 1564 1131 oras

209 1156 463 1225 Explent,
500 1156 897 1223 collectumque
933 1154 1067 1208 haec
1103 1155 1222 1224 ipsa
1256 1153 1328 1206 ad
1364 1170 1591 1207 munera
1623 1154 1813 1223 gluten
1867 1170 1920 1211 ω

210 1234 282 1286 Et
317 1234 459 1285 visco
498 1237 554 1285 et
595 1230 862 1299 Phrygiae
902 1236 1122 1285 servant
1157 1231 1276 1300 pice
1313 1231 1514 1284 lentius
1551 1230 1703 1285 Idae.

208 1309 382 1377 Saepe
418 1309 585 1362 etiam
624 1308 845 1374 effossiS,
885 1308 930 1360 si
965 1324 1096 1361 vera
1134 1312 1219 1363 est
1254 1307 1411 1373 fama,
1448 1307 1673 1361 latebris

208 1384 321 1439 Sub
355 1389 507 1439 terra
541 1385 725 1437 fovere
762 1383 949 1448 larem,
985 1384 1312 1453 penitusque
1348 1388 1600 1452 repertae

208 1460 631 1535 Pumicibusque
666 1460 813 1514 cavis
848 1476 1154 1529 exesaeque
1192 1460 1404 1515 arboris
1437 1466 1612 1515 antro,

206 1538 289 1593 Tu
322 1543 505 1593 tamen
543 1541 600 1593 et
634 1537 741 1592 levi
775 1539 975 1591 rimosa
1009 1535 1206 1590 cubilia
1240 1538 1368 1589 limo
1863 1554 1916 1593 45

205 1615 402 1683 Ungue
437 1616 624 1670 fovens
660 1616 877 1683 circum,
913 1618 971 1667 et
1004 1630 1159 1667 raras
1197 1614 1516 1683 superiniice
1548 1614 1784 1670 frondes,

206 1692 329 1745 Neu
363 1693 584 1761 propius
621 1692 784 1746 tectis
819 1696 1009 1745 taxum
1049 1690 1180 1759 sine,
1215 1707 1353 1744 neve
1389 1690 1635 1745 rubentis

205 1769 321 1822 Ure
356 1770 475 1821 foco
512 1785 746 1835 cancros,
784 1769 929 1822 altae
965 1785 1070 1821 neu
1109 1767 1274 1822 erede
1307 1767 1508 1837 paludi,

206 1847 323 1898 Aut
358 1844 451 1897 ubi
488 1844 626 1898 odor
659 1846 813 1898 caeni
847 1846 1043 1913 gravis,
1080 1849 1179 1898 aut
1215 1844 1309 1897 ubi
1345 1861 1578 1899 concava
1611 1845 1772 1912 pulsu

206 1919 347 1974 Saxa
384 1925 578 1974 sonant
614 1921 870 1990 vocisque
907 1923 1114 1975 offensa
1151 1920 1381 1975 resultat
1415 1922 1607 1990 imago,
1863 1937 1914 1978 ⁵0

276 1996 432 2060 Quod
457 2001 721 2067 superest,
744 1997 839 2050 ubi
863 1999 1075 2066 pulsam
1101 1998 1334 2050 hiemem
1361 1997 1450 2051 Sol
1477 2015 1673 2052 aureus
1694 1999 1809 2068 egit

206 2073 320 2125 Sub
354 2077 531 2127 terras
568 2073 886 2143 caelumque
924 2074 1132 2126 aestiva
1151 2073 1286 2128 *luce
1321 2075 1557 2142 reclusit,

208 2149 342 2202 Illae
377 2150 628 2203 continuo
664 2149 837 2204 saltus
874 2151 1142 2218 silvasque
1177 2153 1472 2218 peragrant

207 2225 621 2296 Purpureosque
658 2231 875 2281 metunt
910 2226 1071 2281 flores
1109 2231 1167 2280 et
1203 2227 1424 2281 flumina
1459 2227 1632 2282 libant

206 2303 426 2355 Summa
459 2303 620 2358 leves,
700 2303 847 2356 Hinc
881 2303 1061 2356 nescio
1101 2321 1209 2372 qua
1246 2303 1534 2358 dulcedine
1567 2305 1746 2359 laetae
1863 2319 1913 2358 εδ

206 2378 525 2446 Progeniem
561 2379 827 2446 nidosque
862 2381 1063 2447 fovent,
1100 2379 1226 2433 hinc
1261 2383 1380 2434 arte
1415 2380 1648 2434 recentis

205 2454 495 2508 Excudunt
533 2471 685 2508 ceras
723 2458 781 2508 et
816 2456 979 2509 mella
1014 2457 1228 2511 tenacia
1265 2456 1491 2524 fingunt.

206 2529 347 2585 Hinc
382 2532 477 2584 ubi
511 2532 617 2586 iam
657 2533 912 2587 emissum
944 2533 1129 2586 caveis
1163 2531 1236 2586 ad
1273 2533 1454 2586 sidera
1487 2532 1622 2587 caeli

202 2607 351 2662 Nare
386 2625 485 2678 per
522 2611 791 2664 aestatem
827 2610 1092 2679 liquidam
1129 2610 1439 2679 suspexeris
1472 2625 1666 2677 agmen

204 2683 619 2755 Obscuramque-
648 2687 793 2740 trahi
829 2691 994 2740 vento
1030 2686 1302 2740 mirabere
1336 2686 1550 2754 nubem,
1861 2701 1913 2741 ω

204 2759 639 2830 Contemplator:
680 2782 851 2833 aquas
889 2764 1062 2818 dulcis
1099 2767 1158 2818 et
1191 2763 1423 2818 frondea
1459 2773 1673 2833 'semper

203 2833 367 2886 Tecta
402 2841 614 2904 petunt.
688 2841 813 2892 Huc
849 2844 911 2892 tu
947 2842 1122 2895 iussos
1159 2841 1428 2908 adsperge
1465 2857 1700 2908 sapores,

203 2907 353 2961 Trita
388 2913 725 2982 melisphylla
762 2919 819 2968 et
856 2917 1134 2971 cerinthae
1171 2916 1406 2984 ignobile
1442 2934 1686 2984 gramen,

202 2982 557 3054 Tinnitusque
592 2991 672 3042 cie
708 2995 767 3044 et
804 2991 1001 3046 Matris
1036 2998 1204 3061 quate
1239 2994 1482 3060 cymbala
1517 2994 1744 3049 circum:

203 3057 365 3126 Ipsae
399 3062 681 3116 consident
714 3067 998 3121 medicatis
1034 3068 1268 3134 sedibus,
1305 3068 1456 3138 ipsae
1863 3083 1914 3123 ω

203 3132 405 3188 Intima
440 3153 589 3190 more
626 3154 723 3192 suo
760 3157 879 3196 sese
912 3143 969 3197 in
1004 3143 1272 3198 cimabula
1306 3146 1558 3202 condent.
