2163 3401
169 65 261 116 210
630 67 693 119 P,
730 66 1040 119 VERGILI
1080 64 1410 121 MARONIS

168 146 306 199 Orta
340 143 473 213 dies,
509 145 705 199 urbem
740 150 800 201 et
834 146 960 199 finis
996 150 1055 199 et
1089 146 1254 202 litora
1286 149 1464 215 gentis

168 222 379 277 Diversi
417 222 737 290 explorant3
778 222 911 275 haec
947 222 1117 276 fontis
1153 226 1349 290 stagna
1386 222 1620 290 Numici,
1796 240 1874 279 150

170 299 329 351 Hunc
366 297 622 366 Thybrim
659 298 897 365 fluvium,
931 298 1020 351 hie
1056 298 1216 351 fortis
1251 298 1498 353 habitare
1535 299 1775 355 Latinos.

170 374 304 427 Tum
340 377 492 427 satus
528 374 771 427 Anchisa
806 374 1048 428 dele-tos
1083 375 1274 429 ordine
1309 374 1381 429 ab
1417 376 1560 429 omni

169 452 403 506 Centum
440 454 685 505 oratores
718 455 951 519 augusta
986 450 1059 503 ad
1094 452 1308 505 moenia
1342 452 1488 519 regis

170 528 262 581 Ire
295 527 463 594 iubet,
498 528 665 581 ramis
700 527 909 581 velatos
944 526 1186 581 Palladis
1220 528 1407 595 omnis,

170 604 433 673 Donaque
468 604 613 657 ferre
650 604 781 672 viro,
814 620 1115 673 pacemque
1151 620 1446 673 exposcere
1481 582 1718 659 Teucris.
1801 621 1872 659 15⁵

170 680 336 733 Haud
372 696 539 745 mora,
574 679 841 733 festinant
874 679 1006 733 iussi
1042 680 1358 749 rapidisque
1393 682 1644 734 feruntur

172 756 439 811 PassibuS.
512 756 641 824 Ipse
675 756 865 810 humili
901 756 1155 824 designat
1192 757 1406 811 moenia
1438 757 1597 823 fossa,

173 832 505 902 Moliturque
540 832 732 900 locum,
765 833 1081 901 primasque
1118 833 1174 885 in
1211 832 1374 887 ntoro
1409 832 1570 887 sedes

173 910 486 963 Castrorum
522 910 579 963 in
613 926 821 963 morem
856 908 1037 979 pinnis
1072 911 1243 977 atque
1279 925 1480 976 aggere
1513 908 1704 977 cingit.

176 986 398 1055 lamque
432 986 539 1039 iter
574 987 777 1039 emensi
815 986 983 1039 turris
1016 1002 1081 1039 ac
1116 988 1266 1039 tecta
1303 984 1623 1045 Latinorum
1797 1001 1872 1041 ico

169 1062 363 1119 Ardua
398 1061 692 1115 cernebant
726 1063 963 1129 iuveneS‚
999 1077 1266 1130 muroque
1301 1060 1573 1114 subibant.

168 1140 319 1191 Ante
352 1139 544 1191 urbem
578 1138 737 1207 pueri
772 1143 833 1193 et
865 1138 1144 1207 primaevo
1179 1138 1314 1191 flore
1349 1137 1603 1190 iuventus

168 1216 506 1270 Exercentur
542 1215 711 1283 equis,
752 1214 1134 1283 domitantque
1169 1215 1226 1267 in
1261 1212 1486 1282 pulvere
1521 1228 1732 1281 currus,

169 1292 285 1345 Aut
320 1290 459 1345 acris
494 1291 732 1345 tendunt
768 1308 941 1357 arcus,
979 1294 1078 1344 aut
1113 1290 1264 1344 lenta
1299 1288 1519 1343 lacertis

166 1366 383 1436 Spicula
417 1370 793 1435 contorquent,
830 1384 1101 1435 cursuque
1137 1366 1359 1435 ictuque
1394 1365 1695 1419 lacessunt:
1798 1380 1873 1419 10⁶

168 1444 306 1498 Cum
339 1448 659 1513 praevectus
695 1459 837 1512 equo
872 1442 1121 1511 longaevi
1157 1443 1306 1510 regis
1339 1440 1411 1494 ad
1445 1440 1591 1493 auris

168 1521 407 1575 Nuntius
441 1520 676 1589 ingentis
710 1520 898 1587 ignota
932 1520 988 1572 in
1024 1522 1181 1573 veste
1217 1519 1464 1587 reportat

169 1596 475 1650 Advenisse
509 1597 664 1651 viros,
740 1596 843 1650 Ille
877 1596 1023 1650 intra
1057 1598 1207 1649 tecta
1242 1594 1421 1647 vocari

171 1674 407 1742 Inperat,
443 1677 502 1728 et
538 1673 669 1727 solio
704 1672 918 1726 medius
952 1670 1200 1726 consedit
1233 1672 1394 1725 avito,

168 1749 391 1804 Tectum
415 1754 722 1818 augustum,
748 1748 955 1818 ingens,
980 1751 1200 1802 centum
1226 1747 1460 1803 sublime
1481 1745 1762 1813 columnis,
1797 1758 1872 1800 170

168 1825 321 1880 Urbe
354 1826 461 1883 fuit
496 1843 718 1893 summa,
757 1825 1046 1879 Laurentis
1083 1825 1235 1894 regia
1275 1824 1405 1892 Pici,

169 1902 521 1956 Horrendum
558 1903 705 1956 silvis
740 1906 799 1956 et
835 1901 1098 1970 religione
1135 1904 1438 1969 pareutum.

172 1978 275 2031 llic
308 1982 525 2046 sceptra
559 1979 801 2048 accipere
838 1982 899 2032 et
932 1978 1138 2046 primos
1173 1976 1429 2030 attollere
1463 1978 1637 2030 fasces

170 2053 413 2121 Regibus
448 2072 605 2108 omen
640 2059 789 2120 erat3
823 2055 926 2107 hoe
960 2053 1068 2108 illis
1101 2053 1253 2106 curia
1286 2051 1567 2120 templum,

174 2131 291 2183 llae
328 2131 494 2184 sacris
527 2131 685 2184 sedes
720 2131 895 2200 epulis
906 2151 919 2194 ;
962 2129 1050 2183 hic
1085 2128 1259 2183 ariete
1296 2144 1452 2182 caeso
1798 2139 1872 2182 175

175 2207 457 2276 Perpetuis
492 2207 636 2260 soliti
671 2211 857 2275 patres
888 2206 1172 2260 considere
1207 2205 1423 2258 mensis.

170 2284 311 2347 Quin
345 2284 509 2338 etiam
546 2288 792 2338 veterum
828 2283 1036 2350 effigies
1070 2299 1140 2336 cx
1176 2279 1368 2334 ordine
1402 2295 1626 2332 avorum

172 2362 418 2428 Antiqua
452 2377 483 2413 e
518 2360 696 2426 cedre,
732 2360 1021 2428 Italusque
1056 2361 1323 2426 paterque
1359 2355 1590 2410 Sabinus

172 2437 451 2504 Vitisator,
487 2452 707 2489 curvam
742 2452 964 2489 servans
1000 2433 1104 2487 sub
1139 2433 1374 2501 imagine
1409 2431 1618 2496 falcem,

170 2515 543 2582 Saturnusque
578 2529 745 2565 senex
786 2512 1016 2580 Ianique
1049 2510 1302 2565 bifrontis
1336 2509 1528 2576 imagO,
1797 2518 1876 2557 180

172 2588 457 2643 vestibulo
493 2587 801 2652 adstabant,
838 2587 1035 2656 aliique
1070 2586 1144 2642 ab
1182 2585 1387 2653 origine
1423 2599 1598 2651 reges,

170 2665 480 2733 Martiaque
516 2663 587 2716 ob
624 2665 855 2733 patriam
893 2661 1185 2729 pugnando
1221 2660 1444 2713 volnera
1475 2659 1633 2728 passi.

171 2741 454 2809 Multaque
489 2745 777 2810 praeterea
812 2739 981 2791 sacris
1016 2739 1072 2790 in
1110 2736 1360 2806 postibus
1396 2751 1563 2801 arma,

172 2815 386 2884 Captivi
421 2813 666 2884 pendent
698 2832 903 2880 currus,
940 2829 1246 2882 curvaeque
1282 2813 1513 2878 secures,

169 2892 246 2944 ‚Et
278 2890 478 2942 cristae
514 2891 766 2956 capitum,
805 2894 864 2944 et
898 2894 1180 2957 portarum
1215 2887 1460 2955 ingentia
1494 2887 1749 2952 claustra,
1797 2897 1874 2938 185

172 2963 497 3030 Spiculaque
532 2961 801 3030 clipeique
838 2967 1139 3032 ereptaque
1173 2968 1352 3017 rostra
1386 2962 1595 3015 carinis.

174 3035 302 3101 Ipse
338 3033 601 3095 Quirinali
638 3035 788 3102 lituo,
822 3054 1098 3105 parvaque
1134 3038 1362 3092 sedebat

172 3105 487 3159 Succinctus
521 3105 726 3159 trabea.
760 3107 1021 3177 laevaque
1055 3114 1228 3166 ancile
1259 3112 1490 3179 gerebat
