2163 3401
208 118 270 161 (ΣΟ
686 116 743 163 P.
781 114 1088 163 VERGILI
1122 115 1456 165 MARONIS

207 193 429 249 Vellera
463 198 746 250 mutentur
782 196 970 263 Tyrios
1004 196 1217 250 incocta
1249 196 1509 251 rubores:

202 268 437 325 Densior
472 271 597 325 hinc
632 270 865 339 suboles,
901 271 1028 325 hinc
1064 272 1204 339 largi
1239 274 1392 340 copia
1429 272 1620 339 lactis;

204 347 378 411 Quam
414 348 589 415 magis
624 346 894 401 exhausto
931 348 1269 416 spumaverit
1303 348 1474 403 ubero
1506 350 1756 418 mulctra,

204 423 375 477 Laeta
410 424 583 491 magis
618 424 819 491 pressis
856 422 1158 476 manabunt
1194 423 1417 478 fiumina
1451 426 1719 481 mammis.
1844 442 1918 483 810

201 498 319 553 Nec
353 500 535 553 minus
570 500 785 553 interea
821 498 1022 553 barbas
1058 499 1360 568 incanaque
1396 506 1582 555 menta

202 575 450 645 Cinyphii
486 576 723 630 tondent
758 575 897 629 hirci
932 578 1226 644 saetasque
1263 577 1528 631 comantis

200 652 375 705 Usum
409 652 465 705 in
501 655 805 705 castrorum
842 656 900 705 et,
935 652 1149 705 miseris
1184 652 1456 706 velamina
1490 654 1687 708 nautis,

201 728 506 782 Pascuntur
540 745 670 781 vero
707 729 870 782 silvas
906 731 963 781 et
999 744 1212 781 summa
1249 727 1454 796 Lycaei,

200 804 604 873 Horrentisque
639 804 803 857 rubos
841 808 898 858 et
934 803 1168 857 amantis
1203 803 1376 859 ardua
1410 804 1629 871 dumos;
1840 822 1911 863 325

200 882 389 950 Atque
425 881 576 950 ipsae
610 897 878 935 memores
915 880 1150 934 redeunt
1185 880 1242 934 in
1278 884 1440 948 tecta,
1476 898 1711 951 suosque

197 955 433 1025 Ducunt,
470 962 529 1011 et
563 957 792 1025 gravido
830 960 1092 1025 superant
1125 957 1218 1010 vix
1254 956 1425 1012 ubere
1462 958 1641 1012 limen.

198 1032 344 1101 Ergo
380 1034 525 1086 omni
565 1033 748 1086 studio
783 1033 1013 1101 glaciem
1049 1038 1352 1102 ventosque
1385 1033 1592 1099 nivalis,

198 1110 316 1174 Quo
351 1110 529 1163 minor
563 1113 649 1163 est
685 1109 792 1163 illis
828 1126 990 1163 curae
1025 1111 1274 1164 mortalis
1309 1114 1540 1179 egestas,

197 1186 447 1254 Amnes,
482 1186 795 1254 victumque
832 1187 975 1239 feres
1012 1189 1070 1239 et
1105 1187 1294 1254 virgea
1327 1187 1505 1241 laetus
1836 1202 1911 1241 ³20

197 1261 418 1329 Pabula,
453 1278 556 1315 nec
590 1265 709 1315 tota
746 1262 969 1315 claudes
1006 1262 1230 1315 faenilia
1263 1263 1473 1317 bruma.

198 1339 279 1392 At
314 1356 441 1392 vero
478 1338 741 1408 Zephyris
778 1355 901 1391 cum
937 1338 1086 1392 laeta
1122 1338 1442 1393 vocantibus
1478 1343 1660 1395 aestas

197 1414 264 1467 In
301 1414 471 1469 saltus
505 1419 799 1483 utrumque
834 1432 1057 1483 gregem
1095 1419 1265 1482 atque
1301 1416 1356 1468 in
1392 1432 1596 1484 pascua
1627 1415 1834 1485 mittet,

195 1490 431 1545 Luciferi
464 1492 642 1562 primo
678 1508 801 1545 cum
838 1490 1021 1544 sidere
1056 1490 1260 1559 frigida
1294 1508 1424 1545 rura

195 1567 508 1636 CarpamuS,
533 1568 666 1622 dum
690 1584 849 1621 mane
874 1584 1088 1633 novum,
1115 1567 1248 1620 dum
1271 1568 1518 1635 gramina
1539 1572 1752 1632 canent,
1829 1583 1906 1623 ez

194 1643 267 1696 Et
301 1660 391 1698 ros
426 1643 483 1696 iu
517 1646 710 1697 tenera
744 1644 927 1713 pecori
962 1643 1310 1712 gratissimus
1345 1643 1528 1699 herba.

194 1719 349 1786 Inde,
383 1719 477 1773 ubi
513 1725 711 1789 quarta
747 1721 896 1774 sitim
933 1720 1068 1773 caeli
1105 1721 1388 1788 collegerit
1421 1721 1556 1775 hora

193 1795 268 1848 Et
303 1799 467 1851 cantu
502 1797 765 1866 querulae
800 1798 1059 1866 rumpent
1095 1796 1323 1851 arbusta
1356 1797 1590 1864 cicadae,

193 1871 289 1925 Ad
323 1875 521 1939 puteos
556 1876 653 1926 aut
687 1874 800 1927 alta
833 1889 1031 1942 greges
1067 1873 1143 1926 ad
1177 1875 1373 1941 stagna
1405 1872 1590 1929 iubeto

193 1948 519 2002 Currentem
554 1949 735 2016 ilignis
767 1953 960 2019 potare
994 1948 1275 2003 canalibus
1309 1950 1544 2014 undam3
1827 1964 1905 2004 ιω

193 2024 455 2078 Aestibus
490 2028 549 2078 at
582 2025 779 2080 mediis
814 2025 1128 2080 umbrosam
1162 2026 1457 2095 exquirere
1490 2025 1702 2092 vallem,

191 2100 374 2156 Sicubi
408 2117 606 2170 magna
642 2102 790 2156 Iovis
824 2102 1053 2172 antiquo
1088 2101 1286 2156 robore
1319 2107 1553 2171 'quercus

191 2176 439 2244 Ingentis
474 2178 670 2232 tendat.
704 2193 897 2247 ramos,
934 2182 1031 2232 aut
1066 2177 1237 2233 sicubi
1270 2179 1485 2246 nigrum

191 2252 414 2308 Ilicibus
448 2254 657 2308 crebris
691 2270 845 2308 sacra
878 2272 1070 2310 nemus
1105 2253 1334 2309 accubet.
1367 2253 1592 2320 umbra;

190 2330 347 2396 Tum·
362 2329 542 2383 tenuis
578 2330 710 2384 dare
746 2347 935 2384 rursus
970 2348 1158 2401 aquas,
1197 2333 1257 2385 et
1291 2347 1514 2400 pascere
1549 2347 1741 2386 rursus
1826 2347 1904 2387 aas

189 2405 329 2459 Solis
364 2405 436 2458 ad
472 2422 733 2473 occasum,
770 2422 893 2460 cum
928 2407 1159 2476 frigidus
1193 2424 1324 2460 aera
1358 2423 1553 2476 vesper

189 2481 495 2552 Temperat,
532 2485 591 2536 et
628 2481 799 2535 saltus
833 2482 1013 2537 reficit
1047 2483 1160 2537 iam
1195 2482 1412 2538 roscida
1447 2483 1591 2551 luna,

188 2557 485 2628 Litoraque
519 2558 776 2627 alcyonen
811 2562 1088 2628 resonant,
1124 2559 1470 2614 acalanthida
1505 2559 1673 2614 dumi.

257 2634 402 2700 Quid
436 2633 540 2690 tibi
576 2638 826 2704 pastores
862 2634 1085 2704 Libyae,
1122 2636 1259 2705 quid
1292 2653 1492 2705 pascua
1525 2651 1688 2689 versu

187 2708 509 2779 Prosequar,
546 2714 606 2764 et
640 2712 781 2766 raris
816 2711 1069 2766 habitata
1103 2712 1342 2782 mapalia
1376 2711 1572 2766 tectis?
1825 2728 1902 2768 340

188 2784 361 2853 Saepe
395 2786 542 2839 diem
577 2792 903 2858 noctemque
938 2792 997 2843 et
1032 2792 1211 2843 votum
1247 2805 1318 2842 ex
1352 2787 1546 2842 ordine
1581 2803 1826 2844 mensem

190 2859 439 2914 Pascitur
472 2863 629 2929 itque
660 2881 828 2931 pecus
862 2865 1025 2934 longa
1058 2865 1117 2918 in
1153 2865 1377 2920 deserta
1409 2864 1530 2918 sine
1561 2863 1690 2918 ullis

188 2934 484 3002 Hospitiis:
519 2940 734 2991 tantum
768 2942 948 3010 campi
982 2942 1140 2996 iacet.
1211 2941 1409 2995 Omnia
1445 2956 1630 2994 secum

188 3011 571 3064 Armentarius
607 3012 745 3066 Afer
779 3015 911 3082 agit,
944 3019 1266 3087 tecumque
1300 3017 1612 3085 Laremque

186 3083 469 3154 Armaque
506 3088 971 3159 Amyclaeumque
1004 3108 1196 3148 canem
1233 3093 1596 3162 Cressamque
1629 3096 1828 3162 phare-
