2163 3401
686 87 1125 150 ‚GEORGICON
1160 89 1301 139 ΜΒ.
1338 88 1444 139 111.
1875 91 1937 138 63

219 166 416 236 Atque
449 167 538 224 hic
572 167 874 223 undantem
910 169 1055 223 bello
1092 185 1461 240 magnumque
1497 169 1759 224 fluentem

214 243 409 297 Nilum
447 260 510 298 ac
545 245 725 298 navali
763 246 1040 313 surgentis
1077 263 1205 299 aere
1242 246 1529 302 columnas.

215 319 446 373 Addam
484 320 646 374 urbes
687 321 856 374 Asiae
895 321 1132 375 domitas
1168 322 1493 392 pulsumque
1531 323 1810 391 Niphaten
1887 333 1941 375 80

215 395 621 465 Fidentemque
659 397 787 464 fuga
826 397 1095 452 Parthum
1133 399 1416 467 versisque
1453 399 1683 466 sagittis,

216 472 293 527 Et
330 474 440 526 duo
477 479 637 541 rapta
674 490 839 526 inanu
879 473 1097 527 diverso
1136 491 1205 528 ex
1241 474 1401 528 hoste
1436 479 1661 544 tropaea

215 550 425 618 Bisque
461 550 828 618 triumphatas
866 555 1103 619 utroque
1141 551 1212 604 ab
1249 551 1411 604 litore
1447 553 1643 618 gentis.

214 626 459 680 Stabunt
496 629 556 681 et
594 625 739 679 Parii
776 626 997 695 lapides,
1035 628 1303 696 spirantia
1336 628 1507 697 signa,

217 702 476 756 Assaraci
511 703 694 772 proles
732 702 1113 773 demissaeque
1151 704 1221 758 ab
1261 704 1393 758 Iove
1427 705 1610 773 gentis
1887 721 1937 761 ³⁶

213 777 469 843 Nomina,
507 779 752 849 Trosque
788 797 1004 848 parem,
1043 785 1101 834 ct
1138 781 1333 834 Troiae
1370 781 1634 849 Cynthius
1667 785 1873 837 auctor.

219 854 436 909 Invidia
472 855 659 910 infelix
700 856 894 910 Furias
931 873 1257 926 amnemque
1295 874 1543 910 severum

213 931 406 1000 Cocyti
443 936 656 986 metuet
693 937 984 1002 tortosque
1026 934 1235 987 Ixionis
1274 934 1465 1002 anguis

213 1008 613 1078 lnmanemque
652 1015 846 1076 rotam,
885 1015 943 1063 et
980 1027 1087 1064 non
1128 1010 1509 1081 exsuperabile
1545 1027 1752 1064 saxum.

215 1084 442 1140 Interea
481 1085 761 1154 Dryadum
800 1087 964 1140 silvas
1003 1088 1286 1156 saltusque
1324 1102 1617 1155 sequamur
1890 1111 1938 1150 ω

213 1160 479 1230 Intactos,
518 1166 629 1232 tua,
671 1163 974 1232 MaecenaS,
1015 1163 1163 1217 haud
1202 1163 1385 1217 mollia
1421 1164 1581 1217 iussa.

211 1237 292 1290 Te
329 1238 446 1292 sine
484 1239 561 1292 nil
599 1240 772 1293 altum
812 1257 966 1294 mens
1003 1241 1253 1296 inchoat:
1292 1258 1358 1295 en
1395 1258 1512 1308 age,
1550 1240 1730 1307 segnis

216 1313 436 1382 Rumpe
473 1331 682 1379 moras3
721 1321 880 1368 vocat
914 1317 1124 1384 ingenti
1166 1318 1402 1370 elamore
1440 1317 1733 1372 Cithaeron

214 1389 555 1458 Taygetique
594 1407 754 1443 canes
794 1391 1169 1460 domitrixque
1210 1393 1517 1461 Epidaurus
1554 1407 1837 1460 equorum,

215 1463 292 1518 Et
333 1481 438 1517 vox
475 1465 726 1519 adsensu·
750 1483 1031 1521 nemorum
1071 1469 1404 1536 ingeminata
1439 1469 1688 1534 remugit.
1889 1481 1939 1522 4⁵

214 1541 348 1594 Mox
387 1545 576 1595 tamen
615 1542 858 1596 ardentis
898 1545 1148 1612 accingar
1188 1544 1371 1598 dicere
1407 1561 1618 1614 pugnas

216 1617 480 1684 Caesaris,
523 1622 582 1672 et
618 1635 814 1672 nomen
853 1621 997 1674 fania
1034 1625 1120 1674 tot
1157 1621 1303 1675 ferre
1340 1638 1439 1690 per
1474 1636 1655 1688 annos,

213 1693 433 1747 Tithoni
472 1694 649 1764 prima
686 1700 820 1765 quot
859 1696 1015 1751 abest
1053 1697 1123 1751 ab
1160 1697 1369 1766 origine
1407 1697 1619 1752 Caesar.

283 1770 391 1826 Seu
429 1773 567 1842 quiS,
609 1772 955 1841 Olympiacae
992 1775 1227 1828 miratus
1266 1775 1509 1843 praemia
1544 1774 1772 1843 palmae,

211 1848 399 1903 Pascit
437 1866 620 1919 equos,
657 1866 754 1903 scu
792 1850 915 1919 quis
952 1851 1109 1905 fortis
1148 1850 1220 1904 ad
1256 1856 1441 1905 aratra
1476 1851 1744 1916 iuvencos,
1884 1868 1933 1906 ω

211 1925 456 1995 Corpora
494 1927 785 1995 praecipue
823 1933 1060 1983 matrum
1100 1927 1264 1995 legat.
1346 1928 1589 1997 Optuma
1622 1931 1812 1980 torvae

212 2002 415 2056 Forma
449 2004 619 2070 boviS,
660 2004 747 2057 cui
785 2006 948 2073 turpe
989 2008 1168 2073 caput,
1207 2004 1291 2058 cui
1332 2004 1567 2073 plurima
1604 2004 1804 2070 cervix,

213 2079 287 2134 Et
321 2096 541 2133 crurum
581 2084 742 2134 tenus
781 2097 815 2134 a
849 2086 1036 2135 mento
1071 2082 1314 2149 palearia
1351 2081 1623 2150 pendent3

211 2156 348 2210 Tum
385 2156 544 2225 longo
585 2156 764 2210 nullus
805 2156 964 2210 lateri
1003 2158 1228 2222 modus3
1264 2158 1442 2210 omnia
1478 2172 1689 2224 magna,

213 2232 319 2287 Pes
356 2234 556 2298 etiam;
591 2236 649 2287 et
687 2234 922 2286 camuris
959 2233 1140 2287 hirtae
1180 2234 1281 2287 sub
1320 2232 1571 2286 cornibus
1604 2248 1780 2285 aures.
1883 2246 1932 2285 ὅσ

213 2309 263 2362 N
268 2326 329 2363 ee
365 2310 498 2362 mihi
538 2309 824 2379 displiceat
864 2309 1089 2363 maculis
1125 2309 1354 2377 insignis
1389 2314 1447 2363 et
1483 2308 1621 2374 albo,

215 2387 330 2440 Aut
363 2388 491 2454 iuga
530 2386 844 2441 detrectans
883 2386 1275 2456 interdumque
1312 2402 1505 2454 aspera
1539 2400 1722 2450 cornu,

214 2465 284 2517 Et
320 2464 512 2517 faciem
550 2466 708 2516 tauro
750 2464 984 2533 propior,
1029 2479 1280 2533 quaeque
1317 2463 1489 2515 ardua
1525 2464 1660 2527 tota,

215 2541 284 2593 Et
319 2539 578 2606 gradiens
613 2539 722 2592 ima
762 2541 932 2594 verrit
969 2541 1203 2607 vestigia
1240 2538 1430 2593 cauda.

215 2620 386 2671 Aetas
425 2616 684 2669 Lucinam
725 2616 1006 2688 iustosque
1047 2618 1163 2686 pati
1199 2615 1524 2684 hymenaeos
1884 2624 1932 2663 οὐ

216 2693 426 2747 Desinit
462 2698 594 2747 ante
635 2694 840 2760 decem,
879 2700 1004 2764 post
1045 2697 1310 2763 quattuor
1346 2690 1536 2758 incipit
1572 2706 1773 2757 annos;

216 2769 410 2823 Cetera
444 2787 546 2825 nec
586 2771 804 2824 feturae
842 2770 1054 2836 habilis,
1094 2786 1198 2823 nec
1234 2768 1393 2822 fortis
1430 2768 1639 2821 aratris,

218 2847 449 2916 Interea,
491 2851 715 2918 superat
753 2848 1012 2916 gregibus
1054 2847 1185 2900 dum
1224 2845 1373 2899 laeta
1406 2846 1670 2909 iuventas,

217 2924 370 2977 Solve
410 2942 622 2991 marcs;
659 2926 820 2979 mitte
856 2926 912 2978 in
953 2925 1233 2978 Venerem
1272 2924 1528 2995 pecuaria
1562 2922 1785 2991 primus,

219 3005 403 3070 Atque
441 3002 602 3055 aliam
640 3020 707 3056 ex
745 3002 851 3055 alia
885 3001 1199 3071 generando
1240 3002 1423 3056 suffice
1463 3000 1686 3071 prolem.
1883 3008 1932 3048 85

219 3079 458 3146 Optuma
493 3096 744 3148 quaeque
781 3080 901 3133 dies
938 3079 1153 3131 miseris
1189 3078 1513 3132 mortalibus
1550 3073 1669 3127 aevi

222 3156 401 3209 Prima
435 3154 575 3222 fugit
591 3176 606 3221 ;
641 3156 877 3210 subeunt
913 3156 1089 3209 morbi
1128 3156 1415 3222 tristisque
1453 3152 1721 3212 senectus,
