2163 3401
188 82 253 129 54
655 80 716 130 P.
754 80 1063 128 VERGILI
1099 80 1433 129 MARONIS

190 160 264 214 Et
298 159 454 214 labor
490 163 548 213 et
585 158 756 213 durae
794 160 939 228 rapit
977 160 1330 213 inclementia
1363 160 1573 213 mortis.

190 238 416 305 Semper
452 239 628 301 erunt,
668 253 900 304 quarum
938 236 1141 289 mutari
1180 253 1412 306 corpora
1450 235 1634 290 malis:

190 314 415 381 Semper
452 312 593 366 enim
631 312 808 380 retice,
846 330 923 381 ae,
961 330 1029 366 ne
1066 315 1195 381 post
1235 314 1434 366 amissa
1469 313 1736 382 requiras,
1871 330 1918 370 :e

188 391 477 457 Anteveni,
516 393 574 443 et
610 388 854 443 subolem
892 396 1141 443 armento
1183 390 1382 443 sortire
1400 393 1555 458 quot
1590 391 1764 444 annisi.

258 466 307 519 N
314 483 375 520 ec
410 484 518 519 non
556 471 614 520 et
650 466 833 536 pecori
870 475 957 520 est
993 465 1142 520 idem
1187 466 1435 521 delectus
1470 468 1685 537 equino,

187 543 270 597 Tu
305 544 483 612 modo,
521 560 659 613 quos
694 542 749 596 in
788 560 941 613 spem
980 546 1194 597 statues
1235 541 1560 597 submittere
1594 543 1794 612 gentis,

188 621 548 689 Praecipuum
582 620 691 675 iam
729 622 859 675 inde
897 640 931 676 a
967 622 1174 675 teneris
1212 621 1450 690 inpende
1485 620 1743 674 laborem.

186 698 457 752 Continuo
493 699 705 766 pecoris
740 699 993 768 generosi
1030 698 1214 769 pullus
1252 698 1305 750 in
1344 698 1487 751 arvis
1864 709 1912 750 5³

188 774 371 828 Altius
407 774 731 843 ingreditur,
773 781 830 829 et
868 774 1051 828 mollia
1091 791 1252 829 crura
1288 774 1536 843 reponit3

187 849 402 904 Primus
438 854 496 904 et
534 851 614 905 ire
650 853 791 906 viam
829 856 886 907 et
922 851 1116 906 fluvios
1154 854 1432 920 temptare
1469 848 1698 903 minacis

189 926 378 980 Audet
414 932 472 982 et
509 928 696 995 ignoto
736 947 856 984 sese
894 930 1243 984 committere
1280 928 1450 999 ponti,

186 1002 237 1054 N
240 1019 302 1055 ec
337 1020 501 1057 vanos
539 1004 727 1059 horret
763 1007 1046 1076 strepitus.
1127 1006 1217 1061 Illi
1254 1004 1426 1059 ardua
1463 1002 1662 1069 cervix,

187 1080 573 1150 Argutumque
610 1086 788 1151 caput,
825 1082 1011 1138 brevis
1051 1084 1220 1151 alvus,
1260 1080 1535 1148 obesaque
1571 1081 1746 1145 terga,
1863 1091 1912 1131 so

185 1153 558 1225 Luxuriatque
596 1158 731 1211 toris
769 1159 1073 1214 animosum
1112 1164 1322 1229 pectus,
1398 1154 1636 1209 llonesti

184 1229 445 1298 Spadices
478 1232 781 1302 glaucique,
820 1235 967 1289 color
1004 1235 1336 1289 deterrimus
1373 1231 1511 1286 albis

183 1306 257 1360 Et
290 1308 445 1376 gilvo.
520 1309 673 1378 Tum,
710 1312 755 1365 si
794 1328 903 1381 qua
940 1329 1134 1366 sonum
1171 1310 1360 1382 procul
1400 1325 1552 1361 arma
1589 1305 1812 1375 dedere,

184 1384 343 1438 Stare
378 1385 495 1441 loco
532 1388 720 1455 nescit,
757 1390 924 1443 micat
963 1389 1190 1443 auribus
1227 1392 1284 1442 et
1321 1384 1517 1443 tremit
1551 1387 1718 1449 artus,

184 1459 599 1531 collectumque
635 1464 875 1519 fremens
912 1466 1081 1520 volvit
1120 1464 1221 1519 sub
1258 1462 1483 1517 naribus
1517 1461 1715 1528 ignem.
1861 1472 1911 1511 8⁵

183 1535 366 1592 Densa
401 1539 542 1607 iuba,
582 1545 640 1595 et
678 1541 874 1595 dextro
912 1544 1116 1597 iactata
1155 1539 1432 1596 recumbit
1468 1538 1525 1591 in
1561 1533 1742 1601 αῗιιιος

186 1614 265 1667 At
301 1614 503 1685 duplex
540 1618 720 1685 agitur
756 1636 855 1687 per
893 1618 1107 1672 lumbos
1146 1618 1337 1687 spina3
1374 1618 1640 1683 cavatque

182 1689 455 1746 Tellurem
493 1697 552 1748 ct
587 1694 761 1749 solido
796 1697 1040 1765 graviter
1078 1699 1236 1750 sonat
1272 1691 1480 1764 ungula
1515 1706 1695 1744 cornu.

182 1765 327 1820 Talis
364 1769 643 1838 Amyclaei
684 1773 925 1826 domitus
970 1772 1203 1827 Pollucis
1245 1770 1470 1824 habenis

184 1842 441 1910 Cyllarus,
477 1850 549 1912 et,
588 1865 820 1916 quorum
860 1849 1011 1902 Graii
1051 1849 1353 1902 meminere
1392 1847 1603 1914 poetae,
1749 1851 1753 1856 “
1861 1854 1911 1894 en

182 1917 377 1973 Martis
416 1922 544 1990 equi
583 1922 809 1992 biiugeS,
852 1931 909 1978 et
947 1924 1133 1992 magni
1172 1938 1365 1978 currus
1405 1917 1637 1974 Achilli:

182 1993 327 2048 Talis
362 2000 419 2050 et
456 1998 573 2067 ipse
611 2000 795 2054 iubam
836 2001 1044 2055 cervice
1087 2000 1286 2054 effudit
1321 1997 1522 2066 equina

182 2070 439 2140 Coniugis
475 2075 717 2130 adventu
753 2078 947 2146 pernix
988 2077 1280 2143 Saturnus,
1319 2077 1380 2128 et
1417 2073 1590 2126 altum

182 2146 368 2202 Pelion
404 2150 619 2206 hinnitu
655 2153 869 2220 fugiens
907 2153 1138 2222 inplevit
1175 2156 1352 2205 acuto.

249 2224 304 2277 H
312 2242 414 2281 une
452 2244 685 2296 quoque,
722 2229 817 2281 ubi
854 2234 951 2283 aut
980 2229 1170 2282 morbo
1198 2227 1386 2297 gravis
1419 2227 1514 2279 aut
1545 2224 1652 2277 iam
1685 2223 1909 2292 segnior

318 2304 470 2356 annis
1857 2314 1908 2352 95

180 2369 392 2444 Deficit,
429 2379 575 2434 abde
611 2379 789 2444 domo,
826 2397 925 2434 nec
962 2381 1114 2450 turpi
1153 2381 1375 2448 ignosce
1413 2380 1700 2432 senectae:

182 2451 435 2521 Frigidus
472 2454 528 2507 in
568 2454 842 2509 Venerem
880 2456 1077 2524 senior,
1115 2456 1437 2525 frustraque
1472 2453 1715 2507 laborem

182 2527 472 2598 Ingratum
509 2530 710 2596 trahit3
746 2534 819 2598 et,
850 2532 894 2586 si
933 2533 1152 2601 quando
1189 2533 1261 2586 ad
1298 2530 1510 2601 proelia
1543 2532 1767 2583 ventum
1805 2531 1909 2596 est,

183 2600 260 2660 Ut
296 2608 572 2675 quondam
609 2608 666 2661 in
703 2607 923 2677 stipulis
959 2626 1190 2677 magnus
1229 2609 1347 2662 sine
1387 2606 1595 2662 viribus
1628 2604 1784 2672 ignis,

181 2681 463 2738 Incassum
502 2685 651 2738 furit.
725 2684 873 2753 Ergo
908 2685 1117 2738 animos
1155 2701 1469 2754 aevumque
1505 2681 1724 2736 notabis
1801 2691 1912 2732 ‘100

183 2755 517 2827 Praecipue3
550 2761 678 2813 hine
714 2761 848 2814 alias
886 2761 1034 2827 artiS,
1073 2761 1400 2830 prolemque
1437 2762 1743 2828 parentum,

182 2829 256 2884 Et
290 2834 414 2900 quis
452 2835 647 2902 cuique
684 2835 839 2889 dolor
878 2837 1036 2902 victe,
1074 2854 1216 2905 quae
1253 2837 1428 2905 gloria
1464 2835 1694 2904 palmae.

181 2905 378 2960 Nonne
414 2909 582 2973 videS,
618 2925 741 2962 cum
778 2912 1065 2980 praecipiti
1104 2912 1403 2965 certamine
1442 2925 1694 2978 campum

181 2981 510 3049 Corripuere
546 2987 826 3051 ruuntque
864 2987 1018 3040 effusi
1056 3005 1273 3040 carcere
1297 3003 1505 3053 currus,

182 3055 322 3108 Cum
358 3073 482 3124 spes
518 3060 766 3109 arrectae
802 3059 1073 3128 iuvenum,
1113 3062 1555 3132 exsultantiaque
1591 3061 1780 3114 haurit
1841 3075 1914 3113 105

183 3129 366 3184 Corda
399 3147 569 3200 pavor
601 3131 861 3201 pulsans?
935 3136 1025 3189 Illi
1060 3137 1272 3191 instant
1307 3138 1539 3192 verbere
1576 3140 1728 3191 torto
