2163 3401
204 101 297 149 218
674 100 734 147 P.
771 99 1081 147 VERGILI
1115 80 1450 149 MARom's

200 180 345 247 Ergo
380 181 489 233 iter
524 179 596 233 ad
630 196 817 247 regem
852 180 1063 249 polluta
1098 197 1232 249 pace
1271 179 1525 239 Latinum

202 256 404 310 Indicit
438 256 627 325 primis
663 256 931 320 iuvenum,
970 259 1029 310 et
1062 256 1218 311 iubet
1252 274 1406 310 arma
1437 256 1635 325 parari,

200 332 390 385 Tutari
426 332 661 397 Italiam,
699 331 999 397 detrudere
1036 332 1236 385 finibus
1270 333 1518 399 hostem3

200 408 271 463 Se
308 409 441 461 satis
476 408 741 461 ambobus
778 408 1110 477 Teucrisque
1145 409 1332 463 venire
1371 409 1702 478 Latinisque.
1837 424 1918 465 m

201 484 356 538 Haec
389 484 483 538 ubi
518 484 667 538 dieta
702 484 859 537 dedit
895 484 1158 553 divosque
1194 484 1250 537 in
1285 488 1416 538 vota
1449 486 1676 539 vocavit.

200 560 469 615 Certatim
504 576 625 614 sese
663 560 855 613 Rutuli
892 560 1252 614 exhortantur
1285 561 1343 613 in
1379 578 1544 615 arma.

202 636 361 690 Hunc
398 637 565 689 decus
600 635 880 704 egregium
914 636 1122 690 formae
1157 640 1343 691 movet
1377 640 1546 705 atque
1581 638 1857 704 iuventae,

200 712 365 766 Hunc
400 712 545 766 atavi
580 728 754 779 reges,
790 711 933 766 hunc
968 713 1127 767 claris
1163 712 1396 767 dextera
1427 712 1599 766 factis,

268 789 413 842 Dum
449 789 661 842 Turnus
698 788 931 841 Rutulos
966 789 1158 843 animis
1181 788 1492 842 ‚audacibus
1525 788 1714 856 inplet,
1837 803 1919 844 ωδ

200 865 417 919 Allecto
451 867 506 919 in
544 866 777 919 Teucros
812 864 1016 933 Stygiis
1052 882 1112 919 se
1147 866 1385 919 concitat
1419 865 1532 919 alis.

202 943 343 995 Arte
376 959 516 995 nova
550 942 827 1010 speculata
862 941 1054 1006 locum,
1092 960 1201 1011 quo
1235 942 1396 996 litore
1429 941 1656 1009 pulcher

200 1017 421 1071 Insidiis
456 1034 727 1086 cursuque
761 1018 906 1071 feras
938 1016 1188 1085 agitabat
1225 1018 1394 1085 Iulus,

200 1093 309 1147 Hic
344 1093 581 1147 subitam
615 1092 837 1146 canibus
873 1093 1079 1147 rabiem
1121 1094 1344 1161 Cocytia
1375 1094 1530 1161 virgo

200 1168 401 1222 Obiicit
436 1172 495 1221 et
529 1172 657 1222 noto
691 1169 839 1223 naris
872 1170 1140 1237 contingit
1175 1169 1357 1237 odore,
1833 1185 1924 1225 480

202 1244 279 1298 Ut
313 1262 531 1298 cervum
566 1245 825 1299 ardentes
860 1249 1116 1313 agerent;
1151 1262 1293 1313 quae
1327 1247 1504 1315 prima
1534 1246 1782 1300 laborum

198 1321 400 1375 Caussa
434 1320 538 1373 fuit
572 1321 827 1389 belloque
864 1322 1071 1375 animos
1107 1322 1357 1375 accendit
1391 1324 1636 1389 agrestis

197 1396 401 1451 Cervus
438 1399 557 1451 erat
591 1397 766 1450 forma
800 1396 1102 1465 praestanti
1137 1400 1195 1450 et
1229 1396 1482 1451 cornibus
1515 1397 1726 1465 ingens,

196 1473 494 1543 Tyrrhidae
528 1473 685 1542 pueri
720 1488 883 1541 quem
920 1474 1116 1526 matris
1150 1472 1221 1526 ab
1255 1471 1425 1526 ubere
1459 1477 1678 1542 raptum

195 1550 247 1603 N
253 1549 499 1604 uti-ibant
533 1549 913 1619 Tyrrheusque
948 1553 1124 1616 pater,
1159 1548 1246 1602 cui
1283 1548 1434 1617 regia
1467 1551 1664 1617 parent
1833 1564 1920 1603 485

198 1627 481 1693 Armenta,
519 1630 577 1680 et
610 1626 723 1679 late
758 1624 1006 1680 custodia
1039 1623 1252 1679 credita
1285 1626 1482 1693 campi.

198 1703 509 1757 Adsuetum
541 1702 762 1772 inperiis
798 1717 950 1755 soror
984 1700 1132 1754 omni
1169 1700 1336 1754 Silvia
1369 1717 1498 1755 cura

198 1779 455 1833 Mollibus
490 1779 743 1834 intexens
778 1777 1008 1832 ornabat
1042 1793 1248 1830 cornua
1281 1778 1458 1844 sertis,

199 1855 571 1923 Pectebatque
602 1854 793 1918 ferum,
827 1869 1074 1922 puroque
1107 1853 1165 1906 in
1199 1854 1352 1907 fonte
1385 1852 1616 1907 lavabat.

196 1930 301 1984 Ille
336 1948 555 1984 manum
590 1929 806 1998 patiens
838 1945 1166 1998 mensaeque
1200 1929 1464 1982 adsuetus
1496 1928 1652 1983 herili
1832 1945 1920 1987 oo

198 2007 432 2061 Errabat
467 2007 615 2060 silvis
650 2021 948 2074 rursusque
982 2005 1055 2058 ad
1090 2004 1278 2058 limina
1309 2009 1442 2058 nota

197 2082 325 2151 Ipse
360 2082 581 2136 domum
618 2097 741 2134 sera
774 2081 1022 2149 quamvis
1056 2097 1118 2134 se
1151 2085 1312 2135 nocte
1343 2080 1572 2135 ferebat.

196 2159 361 2212 Hunc
392 2157 581 2227 procul
618 2161 891 2210 errantem
926 2156 1152 2212 rabidae
1185 2157 1435 2211 venantis
1470 2156 1577 2210 Iuli

102 2226 108 2232 ’
196 2235 548 2290 commovere
582 2249 758 2300 canes,
795 2233 958 2286 fluvio
994 2249 1118 2286 cum
1153 2233 1298 2287 forte
1335 2232 1570 2287 secundo

195 2309 490 2378 Deflueret,
526 2310 753 2378 ripaque
787 2312 969 2362 aestus
1002 2308 1278 2364 viridante
1313 2309 1534 2362 levaret.
1836 2327 1920 2367 ⁴05

195 2387 324 2456 Ipse
360 2388 540 2450 etiam,
576 2385 805 2440 eximiae
839 2384 1017 2438 laudis
1051 2401 1340 2440 succensus
1375 2400 1572 2449 amore,

195 2464 462 2518 Ascanius
496 2479 659 2516 curvo
694 2461 899 2516 direxit
934 2460 1142 2530 spicula
1177 2476 1378 2526 cornu3

196 2539 245 2592 N
250 2556 312 2594 ec
346 2539 576 2594 dextrae
612 2537 818 2592 erranti
854 2536 991 2591 deus
1024 2535 1178 2602 afuit,
1213 2539 1444 2606 actaque
1478 2535 1654 2590 multo

197 2615 411 2684 Perque
446 2620 663 2669 uterum
700 2613 881 2668 sonitu
915 2629 1123 2682 perque
1156 2612 1251 2666 ilia
1286 2612 1436 2666 venit
1469 2611 1694 2668 arundo.

194 2690 419 2743 Saucius
454 2693 512 2744 at
546 2689 861 2758 quadrupes
894 2692 1027 2743 nota
1058 2688 1208 2743 intra
1239 2692 1391 2743 tecta
1423 2688 1642 2756 refugit,
1835 2705 1920 2746 5⁰0

195 2763 571 2830 Successitque
605 2781 833 2832 gemens
868 2763 1112 2832 stabulis,
1147 2768 1458 2833 questuque
1493 2765 1750 2818 cruentus

196 2839 385 2902 Atque
418 2838 711 2904 inploranti
746 2839 939 2892 similis
972 2843 1182 2894 tectum
1217 2856 1376 2894 omne
1410 2839 1674 2908 replebat.

195 2907 361 2960 Silvia
394 2911 569 2974 prima
603 2929 769 2979 soror,
806 2913 1001 2982 palmis
1037 2931 1296 2984 pereussa
1330 2916 1580 2980 lacertos,

197 2981 481 3033 Auxilium
514 2991 671 3040 vomit
705 2990 764 3040 et
796 2989 966 3042 duros
1000 2990 1304 3046 conclamat
1340 2991 1586 3059 agrestis.

196 3052 318 3118 Olli,
351 3057 523 3139 pestis
556 3059 699 3112 enim
735 3063 920 3116 tacitis
953 3064 1092 3120 latet
1126 3083 1320 3136 aspera
1355 3067 1517 3132 silvis,
1839 3083 1920 3124 ωε

198 3125 465 3194 Inprovisi
499 3131 713 3197 adsunt,
749 3133 837 3189 hic
871 3140 1021 3194 torre
1056 3146 1300 3196 armatus
1335 3141 1548 3206 obusto,
