2163 3401
844 486 1317 556 LEoToRL
1413 591 1415 594 y

986 715 1189 739 ——0———·

328 909 430 964 Dm
463 909 567 964 hac
600 926 724 966 mea
757 912 937 981 opella
968 929 1078 966 non
1114 915 1203 966 est
1234 929 1335 966 eur
1367 911 1543 967 multa
1573 911 1765 968 dicam.
1824 911 1937 967 Vo-

215 1002 445 1058 lueram
487 1008 640 1060 certe
677 1009 868 1061 textus
907 1007 1209 1076 Vergiliani
1250 1007 1619 1062 recensionem
1663 1024 1773 1061 non
1808 1009 1937 1062 ante

219 1096 497 1152 emittere
532 1114 697 1166 quam
719 1102 846 1166 post
868 1099 1177 1154 absolutum
1212 1099 1365 1153 illum
1389 1100 1543 1153 cuius
1565 1099 1790 1153 tertiam
1811 1115 1935 1168 par-

220 1192 344 1244 tem
381 1192 518 1244 ante
557 1189 768 1259 aliquot
815 1206 1033 1244 menses
1051 1173 1058 1177 ⁹
1079 1190 1233 1245 edidi
1280 1191 1761 1245 commentarium:
1810 1207 1935 1244 cum

225 1285 422 1337 autem
468 1283 706 1337 instaret
739 1282 1072 1352 redemptor,
1108 1283 1407 1337 consultius
1441 1283 1667 1337 tandem
1703 1282 1837 1336 duxi
1870 1284 1936 1336 ut

227 1376 369 1446 quid
424 1392 644 1444 possem
684 1376 804 1444 ipse
849 1378 1129 1446 experirer
1177 1393 1339 1445 quam
1376 1380 1439 1430 ut
1475 1377 1615 1430 alius
1669 1376 1935 1430 minorem

229 1467 372 1520 alius
405 1468 668 1521 maiorem
702 1468 1003 1522 editionem
1037 1467 1235 1522 iisdem
1272 1469 1478 1522 scilicet
1501 1468 1759 1538 auspiciis
1781 1485 1935 1524 cura-

231 1565 333 1616 ret.
406 1561 573 1616 Unde
593 1562 796 1616 factum
820 1565 908 1616 est
928 1564 994 1615 ut
1015 1560 1301 1615 nonnullas
1333 1561 1597 1615 lectiones
1619 1560 1933 1616 admiserim

231 1671 465 1725 quarum
499 1658 596 1710 aut
627 1671 771 1711 nunc
803 1654 1056 1725 poenitet
1091 1658 1189 1710 aut
1221 1654 1447 1725 posthac
1480 1655 1714 1711 fortasse
1748 1656 1934 1725 poeni·

232 1749 389 1804 tebit.
461 1748 638 1803 Verbi
686 1766 866 1817 eausa,
919 1766 980 1804 re
1032 1749 1301 1804 maturius
1348 1766 1634 1820 perpensa,
1684 1750 1743 1803 in
1784 1752 1933 1805 Aen.

232 1842 324 1896 lib.
349 1858 434 1898 111.
461 1848 577 1909 614,
616 1842 868 1909 nomine,
910 1842 968 1896 in
991 1843 1135 1896 Aen.
1172 1842 1265 1895 lib.
1292 1858 1369 1897 vr.
1397 1848 1500 1897 332
1546 1842 1740 1896 animi
1775 1858 1932 1911 prae-

233 1936 517 1991 ferendum
541 1953 752 2004 censeO,
775 1935 887 1990 illic
910 1936 1147 1991 Medicei
1172 1936 1512 2007 aliorumque
1536 1936 1783 1991 codicum
1808 1954 1931 1991 auc-

234 2031 472 2097 toritate,
490 2029 580 2083 hic
604 2030 808 2099 partim
833 2030 1083 2083 eiusdem
1114 2030 1352 2084 Medicei
1376 2031 1705 2085 auctoritate
1727 2031 1931 2100 partim

233 2124 335 2179 loci
367 2123 612 2191 germani
649 2124 794 2177 Aen.
819 2123 911 2177 lib.
937 2141 987 2177 x.
1017 2130 1133 2192 686,
1168 2124 1265 2178 ubi
1300 2124 1515 2179 codices
1550 2124 1795 2194 potiores
1828 2141 1931 2195 pro

237 2219 424 2273 animi
457 2210 718 2287 pugnant,
741 2218 1056 2273 testimonio
1085 2222 1382 2288 permotus.
1454 2218 1767 2272 Dolendum
1800 2235 1931 2273 sano

237 2318 350 2385 hoc,
379 2332 556 2384 neque
585 2318 770 2369 tam-en
800 2316 974 2386 pluris
1005 2296 1181 2387 aequo
1209 2318 1537 2373 faciendum.
1611 2318 1827 2387 Quippe
1864 2334 1930 2371 ea

241 2414 324 2465 est
361 2408 521 2464 hodie
551 2412 739 2463 textus
763 2408 1068 2479 Vergiliani
1099 2410 1341 2465 conditio
1374 2413 1439 2465 ut
1474 2410 1569 2480 qui
1603 2409 1814 2463 modica
1849 2411 1929 2463 rei

242 2504 451 2559 criticae
487 2505 716 2558 scientia
752 2504 1054 2559 instructus
1092 2521 1285 2558 novam
1322 2508 1521 2573 poetae
1558 2502 1928 2557 recensionem

244 2598 518 2653 instituere
549 2597 683 2652 velit
705 2599 798 2652 vix
835 2600 1178 2655 committere
1214 2598 1390 2668 possit
1425 2600 1491 2652 ut
1526 2614 1645 2651 rem
1676 2612 1784 2651 non
1812 2598 1929 2652 feli-

231 2692 377 2769 citer
416 2694 588 2760 gerat,
625 2692 790 2747 modo
830 2710 917 2761 ne,
951 2697 1016 2749 ut
1051 2710 1228 2763 nuper
1261 2709 1294 2746 a
1329 2695 1439 2745 'non
1472 2692 1688 2745 nemine
1721 2692 1926 2747 factum

250 2790 342 2854 cst,
378 2786 428 2839 in
465 2788 620 2839 tanta
658 2785 923 2839 librorum
963 2786 1457 2855 manuscriptorum
1494 2785 1649 2854 copia
1686 2787 1784 2839 aut
1816 2785 1929 2839 suis

251 2882 339 2934 aut
367 2879 545 2933 alienis
581 2879 908 2933 coniecturis
943 2880 1220 2933 abutatur.
1294 2878 1442 2931 Illud
1466 2894 1595 2931 vero
1627 2878 1927 2947 optandum

255 2976 312 3027 ut
330 2972 424 3042 ipsi
447 2972 677 3039 codices,
709 2972 1034 3041 praesertim
1061 2972 1338 3025 Romanus
1366 2971 1773 3039 Palatinusque,
1810 2969 1905 3025 di¹²

258 3064 451 3135 gentius
481 3065 860 3119 excutiantur:
911 3064 972 3117 id
1007 3064 1157 3131 quod
1188 3082 1223 3118 a
1257 3062 1574 3126 doctissimo
1618 3060 1835 3115 Ribbec‘

261 3159 556 3215 iamdudum
581 3160 978 3229 exspectamus.
