2163 3401
156 90 255 144 222
611 91 670 139 P.
708 90 1019 141 VERGILI
1054 90 1389 146 MARONIS

153 168 207 221 N
209 184 409 239 amque
443 169 634 223 ferunt
673 169 827 223 luctu
870 169 1112 238 Gycnum
1153 168 1511 224 Phaethontis
1539 169 1742 235 amati,

156 245 423 313 populeas
463 245 614 299 inter
649 245 874 301 frondes
912 246 1281 313 umbramque
1319 262 1561 299 sororum
1791 262 1866 301 loo

152 320 298 373 Dum
340 322 489 375 canit
522 326 582 375 ct
618 327 889 378 maestum
932 322 1096 375 Musa
1133 320 1342 375 solatur
1379 337 1634 389 amorem,

153 396 454 451 Canentem
493 397 640 453 molli
676 398 865 467 pluma
894 397 1132 451 duxisse·
1153 400 1443 463 senectam,

153 472 521 542 Linqueutcm
559 476 737 529 terras
776 479 835 527 et
872 472 1056 527 sidera
1095 490 1226 527 voce
1269 476 1599 541 sequentem.

155 546 340 617 Filius,
380 550 623 617 aequalis
664 550 957 603 comitatus
1002 549 1178 603 classe
1219 552 1482 615 catervas,

154 624 444 693 Ingentem
486 626 652 679 remis
695 624 1029 681 Centaurum
1068 628 1380 692 promovet:
1430 624 1521 679 ille
1797 626 1868 665 1⁹⁶

154 700 337 755 Instat
374 718 551 771 aquae
588 718 891 771 saxumque
929 700 1096 754 undis
1133 700 1350 755 inmane
1389 701 1632 755 minatur

154 776 401 845 Arduus,
432 782 492 832 et
528 777 689 846 longa
725 778 900 833 sulcat
940 776 1114 830 maria
1152 776 1265 832 alta
1307 776 1506 831 carina.

222 853 326 907 Ille
364 854 531 909 etiam
567 854 763 923 patriis
802 868 998 921 agmen
1026 852 1147 907 ciet
1188 852 1371 905 Ocnus
1409 852 1482 907 ab
1515 854 1650 923 oris,

152 927 433 983 Fatidicae
474 932 701 984 Mantus
738 933 797 985 et
822 929 979 983 Tusci
1023 928 1168 981 filius
1209 928 1400 997 amnis,

152 1004 258 1067 Qui
295 1022 479 1059 muros
520 1006 823 1073 matrisque
860 1004 1019 1059 dedit
1060 1003 1180 1073 tibi,
1212 1004 1468 1069 Mantua,
1508 1022 1725 1074 nomen,
1779 1020 1858 1060 ιω

151 1080 396 1149 Mantua,
434 1081 589 1136 dives
630 1082 780 1145 avis;
828 1080 929 1138 sed
969 1097 1078 1133 non
1115 1096 1290 1147 genus
1327 1080 1578 1135 omnibus
1615 1098 1816 1135 unum:

151 1156 297 1210 Gens
333 1157 411 1211 illi
449 1157 666 1225 triplex,
704 1157 890 1226 populi
930 1156 1031 1211 sub
1066 1160 1236 1223 gente
1275 1157 1528 1223 quaterni
1549 1163 1592 1222 ;'

154 1232 279 1301 Ipsa
318 1236 483 1302 caput
518 1233 767 1302 populis;
815 1233 988 1287 Tusco
1029 1231 1102 1285 de
1145 1231 1411 1299 sanguine
1444 1233 1600 1302 vires.

152 1308 295 1363 Hinc
332 1325 549 1377 quoque
584 1308 915 1377 quingentos
952 1307 1009 1361 in
1048 1323 1110 1361 se
1148 1306 1458 1362 Mezentius
1495 1312 1694 1377 armat,

150 1384 297 1448 Quos
337 1388 496 1454 patre
538 1384 753 1439 Benaco
794 1384 1007 1437 velatus
1044 1382 1314 1437 arundine
1353 1384 1544 1451 glauca
1777 1400 1856 1441 aue

149 1460 381 1514 Mincius
413 1460 615 1515 infesta
650 1459 887 1515 ducebat
922 1459 981 1514 in
1018 1475 1259 1527 aequora
1299 1459 1446 1527 pinu.

151 1537 207 1589 It
240 1537 421 1605 gravis
464 1536 735 1602 Aulestes
778 1539 1122 1604 centenaque
1162 1534 1359 1589 arbore
1401 1536 1626 1596 fluctum

151 1612 423 1667 Verberat
460 1613 791 1681 adsurgens3
840 1615 1098 1681 spumant
1135 1611 1277 1673 vada
1313 1628 1585 1669 marmore
1626 1630 1800 1669 verse.

152 1688 312 1742 Hunc
350 1688 501 1743 vehit
532 1688 763 1744 inmanis
803 1688 993 1743 Triton
1030 1691 1090 1742 et
1123 1688 1344 1742 caerula
1371 1688 1576 1744 concha
1611 1733 1616 1738 .

150 1764 443 1819 Exterrens
478 1765 650 1830 freta3
698 1764 784 1819 cui
822 1764 1057 1818 laterum
1096 1767 1260 1819 tenus
1297 1764 1516 1835 hispida
1549 1771 1706 1822 nanti
1773 1782 1856 1822 210

151 1840 322 1894 Frons
358 1841 635 1894 hominem
674 1841 933 1910 praefert,
973 1840 1031 1894 in
1066 1841 1286 1910 pristim
1323 1841 1527 1896 desinit
1567 1843 1757 1909 alvus3.

147 1915 381 1984 Spumea
419 1915 673 1970 semifero
714 1916 817 1970 sub
858 1919 1087 1984 pectore
1127 1921 1436 1970 murmurat
1477 1919 1638 1972 unda.

215 1992 318 2046 Tot
357 1992 486 2047 lecti
522 2009 777 2061 proceres
818 1997 908 2048 ter
950 1992 1108 2046 denis
1147 1993 1378 2047 navibus
1413 1993 1571 2048 ibant

146 2067 399 2123 Subsidio
441 2069 645 2137 Troiae,
678 2072 738 2125 et
780 2086 997 2138 campos
1034 2069 1164 2124 salis
1201 2085 1329 2126 aere
1367 2069 1638 2125 secabant.

215 2144 444 2215 Iamque
484 2145 605 2200 dies
640 2145 790 2200 caelo
821 2148 1179 2213 concesserat,
1219 2145 1472 2214 almaque
1515 2162 1682 2200 curru
1776 2163 1854 2203 21⁵

146 2220 198 2274 N
201 2221 446 2290 octivago
489 2221 709 2276 Phoebe
745 2221 989 2276 medium
1028 2220 1284 2290 pulsabat
1323 2221 1640 2292 Olympum:

146 2299 613 2366 Aeneas—neque
650 2299 795 2352 enim
831 2297 1094 2352 membris
1134 2297 1234 2352 dat
1269 2315 1404 2352 cura
1445 2299 1766 2366 quietem-—

148 2373 276 2441 Ipse
318 2374 513 2427 sedens
554 2374 877 2442 clavumque
916 2374 1063 2442 regit
1104 2373 1348 2442 velisque
1388 2373 1678 2438 ministrat

147 2452 338 2520 Atque
379 2450 459 2504 illi
491 2449 673 2507 medio
713 2450 771 2504 in
810 2451 987 2519 spatio
1030 2451 1242 2517 chorus,
1276 2466 1416 2518 ecce,
1451 2466 1674 2506 suarum

145 2525 398 2580 Occurrit
434 2525 726 2581 comitum:
776 2526 1077 2595 Nymphae,
1117 2541 1255 2594 quas
1291 2526 1436 2582 alma
1475 2525 1698 2594 Cybebe
1775 2542 1856 2581 no

143 2601 363 2655 Numen
400 2601 601 2656 habere
642 2602 809 2659 maris
850 2601 1242 2672 Nymphasque
1281 2618 1313 2656 e
1353 2601 1584 2658 navibus
1621 2617 1752 2661 esse.

146 2676 406 2740 Iusserat,
447 2675 707 2734 innabant
748 2677 961 2745 pariter
998 2677 1304 2750 fluctusque
1339 2676 1613 2742 secabant,

145 2751 291 2812 Quot
330 2751 483 2815 prius
524 2755 744 2806 aeratae
784 2755 1054 2806 steterant
1093 2753 1166 2806 ad
1207 2753 1371 2806 litora
1405 2769 1618 2822 prorae.

146 2821 507 2884 Aug-noscunt
548 2824 707 2892 longe
743 2842 947 2897 regem,
991 2826 1338 2896 lustrantque
1371 2829 1598 2883 choreis.

145 2892 384 2952 Quarum
423 2909 563 2957 quae
602 2897 753 2951 fandi
796 2899 1116 2954 doctissima
1164 2902 1514 2970 Cymodocea,
1774 2922 1850 2962 28

144 2962 292 3044 1²0¹{0
330 2978 561 3027 sequens
602 2971 799 3026 dextra
834 2975 1062 3042 puppim
1099 2979 1270 3043 tenet,
1307 2979 1540 3046 ipsaque
1572 2979 1742 3036 dorso

142 3031 373 3114 Emmefp
412 3049 475 3117 ⁰30
512 3037 667 3102 laeva
706 3047 892 3099 tacitis
932 3048 1271 3118 subremigat
1311 3053 1489 3108 undis.

142 3100 279 3152 'l'um
319 3117 397 3161 ΜΟ
428 3120 677 3179 ignarum
718 3118 1059 3185 adloquitur:
1105 3123 1402 3193 νίεῃωθ,
1442 3129 1612 3198 ,leym
1652 3148 1810 3201 gens?
