2163 3401
833 113 984 161 AEN
990 114 1201 163 EIDOS
1238 115 1383 170 LIB.‚
1416 114 1459 164 1.
1944 115 2005 164 83

288 190 399 244 His
439 207 664 246 accensa
699 209 864 261 super
900 193 1127 248 iactatos
1164 212 1403 264 aequore
1437 197 1557 250 toto

285 266 473 337 Troas,
510 268 767 336 reliquias
805 269 1054 322 Danaum
1092 274 1261 338 atquc
1299 272 1505 325 inmitis
1544 272 1757 340 Achilli,
1955 282 2008 326 so

292 343 539 398 Arcebat
575 344 736 411 longo
775 344 949 412 Latio,
989 345 1301 416 multosque
1336 364 1438 416 per
1474 365 1642 400 annos

293 419 580 485 Errabant,
616 420 724 473 acti
759 420 904 489 fatis,
939 422 1113 475 maria
1150 424 1331 477 omnia
1366 424 1581 477 circum.

291 494 496 549 Tantae
533 497 688 550 molis
725 501 846 550 erat
886 497 1189 552 Romanam
1228 499 1465 553 condere
1500 504 1737 568 gentem.

362 572 469 625 Vix
505 589 538 626 e
574 577 867 642 conspectu
905 574 1119 628 Siculae
1158 575 1371 629 telluris
1405 577 1460 629 in
1496 576 1667 630 altum

295 649 434 703 Vela
470 648 678 702 dabant
713 649 858 717 laeti,
899 654 956 703 et
994 667 1214 719 spumas
1252 653 1377 705 salis
1416 669 1543 706 aere
1576 653 1826 721 ruebant,
1954 668 2004 709 3³

295 726 431 780 Cum
468 726 621 792 Iunc,
658 730 945 780 aeternum
985 743 1207 780 servans
1245 728 1348 781 sub
1382 733 1607 797 pectore
1640 730 1846 797 volnus,

295 802 448 855 Haec
484 819 694 856 secum:
735 803 899 856 Mene
932 805 1153 873 incepto
1194 804 1461 861 desistere
1497 806 1710 875 victam,

295 877 410 934 Nec
443 895 604 947 posse
644 879 808 933 ltalia
845 879 1175 933 Teucrorum
1215 884 1467 935 avertere
1503 885 1724 950 regem?

295 953 504 1024 Quippe
540 958 696 1010 vetor
729 956 873 1010 fatis.
953 956 1203 1010 Pallasne
1243 974 1473 1010 exurere
1509 957 1733 1012 classem

293 1032 556 1100 Argivom
591 1037 759 1101 atque
795 1033 942 1102 ipsos
977 1033 1158 1102 potuit
1196 1033 1546 1102 submergere
1580 1038 1765 1102 ponte,
1952 1049 2001 1090 ω

290 1109 462 1162 Unius
499 1108 570 1162 ob
605 1126 802 1163 noxam
842 1112 900 1162 et
936 1110 1103 1164 furias
1145 1111 1331 1164 Aiacis
1368 1109 1539 1164 Oilei?

290 1185 431 1254 Ipsa,
471 1187 618 1240 Iovis
653 1186 906 1256 rapidum
941 1187 1175 1241 iaculata
1212 1205 1243 1240 e
1280 1187 1512 1240 nubibus
1546 1188 1742 1256 ignem,

291 1261 624 1332 Disiecitque
661 1268 811 1317 rates
849 1264 1160 1332 evertitque
1199 1281 1435 1333 aequora
1470 1266 1659 1330 ventis

290 1338 452 1391 Illum
491 1341 858 1407 exspirantem
895 1341 1163 1392 transfixo
1201 1343 1425 1410 pectore
1462 1340 1707 1393 flammas

289 1413 526 1468 Turbine
563 1417 823 1483 corripuit
860 1417 1191 1484 scopuloque
1227 1417 1409 1470 infixit
1445 1420 1637 1481 acut03
1948 1431 1997 1470 45

290 1491 400 1544 Ast
437 1508 555 1559 ege,
594 1508 733 1559 quae
771 1491 953 1545 divom
989 1492 1181 1545 incedo
1219 1493 1420 1559 regina,
1460 1492 1713 1558 Iovisque

288 1567 362 1620 Et
398 1584 551 1620 soror
588 1571 646 1621 et
681 1569 925 1636 conium,
963 1585 1071 1621 una
1110 1584 1231 1620 cum
1268 1572 1432 1634 gente
1471 1569 1559 1619 tot
1592 1584 1759 1620 annos

287 1643 444 1698 Bella
479 1663 626 1714 gero.
703 1645 776 1698 Et
812 1646 1098 1715 quisquam
1136 1660 1336 1697 numen
1378 1643 1597 1697 Iunonis
1632 1643 1827 1698 adorat

288 1722 600 1791 Praeterea,
636 1728 733 1777 aut
771 1723 1000 1792 supplex
1038 1723 1147 1775 aris
1181 1722 1394 1790 inponit
1430 1720 1720 1775 honorem?

355 1800 505 1855 Talia
540 1801 817 1854 flammato
855 1818 1034 1854 secum
1075 1799 1180 1852 dea
1215 1798 1380 1852 corde
1417 1800 1665 1853 volutans
1950 1814 2001 1852 σο

285 1877 338 1930 N
341 1877 612 1931 imborum
642 1878 698 1930 in
735 1877 982 1946 patriam,
1021 1876 1137 1929 loca
1173 1875 1289 1928 feta
1324 1874 1634 1930 furentibus
1668 1877 1883 1940 austris,

287 1955 536 2008 Aeoliam
572 1955 737 2008 venit.
813 1954 920 2007 Hic
955 1956 1113 2007 vasto
1148 1969 1246 2007 rex
1287 1953 1495 2007 Aeolus
1531 1956 1688 2006 antro

286 2030 572 2086 Luctantis
611 2034 804 2086 ventos
839 2032 1312 2099 tempestatesque
1349 2046 1567 2085 sonoras

286 2106 510 2175 Inperio
544 2108 748 2177 premit
783 2124 848 2161 ac
882 2106 1070 2160 vinclis
1110 2110 1169 2160 et
1203 2122 1419 2159 carcere
1455 2107 1647 2161 frenat.

286 2183 376 2237 Illi
411 2184 759 2253 indignantes
795 2201 992 2251 magno
1029 2200 1153 2237 cum
1188 2200 1467 2237 murmure
1501 2183 1701 2237 montis
1949 2200 1997 2239 5⁵

285 2261 501 2316 Circum
538 2262 773 2315 claustra
811 2262 1083 2326 fremunt;
1118 2260 1262 2313 celsa
1297 2259 1456 2313 sedet
1493 2259 1699 2313 Aeolus
1734 2276 1859 2315 arce

285 2338 514 2407 Sceptra
551 2343 761 2406 tenenS,
796 2338 1083 2407 mollitque
1120 2337 1326 2390 animos
1364 2339 1424 2389 et
1457 2339 1732 2404 temperat
1764 2337 1901 2403 iras3

285 2414 358 2468 Ni
392 2415 572 2483 faciat,
608 2417 780 2469 maria
816 2432 879 2469 ac
916 2417 1093 2468 terras
1123 2413 1441 2481 caelumque
1478 2412 1810 2481 profundum

287 2492 502 2562 Quippe
538 2494 719 2545 ferant
756 2492 932 2561 rapidi
969 2508 1151 2546 secum
1189 2493 1517 2557 verrantque
1553 2507 1654 2558 per
1689 2506 1868 2543 auras.

286 2568 397 2623 Sed
431 2573 592 2638 pater
629 2571 970 2637 omnipotens
1009 2568 1275 2637 speluncis
1311 2566 1527 2620 abdidit
1562 2566 1712 2633 atris,
1946 2579 1995 2617 so

287 2646 412 2699 IIoc
446 2650 713 2711 metucnS,
747 2646 1056 2713 molemque
1094 2648 1152 2698 et
1186 2644 1391 2699 montis
1426 2643 1648 2710 insuper
1682 2640 1823 2693 altos

287 2722 553 2792 Inposuit,
591 2739 890 2791 regemque
927 2722 1101 2791 dedit,
1135 2722 1229 2791 qui
1262 2720 1485 2773 foedere
1520 2720 1671 2771 certo

284 2795 360 2854 Et
394 2817 647 2870 premere
685 2803 744 2854 et
778 2801 932 2853 laxas
970 2800 1133 2854 sciret
1168 2798 1302 2850 dare
1336 2797 1514 2850 iussus
1549 2794 1799 2849 habenas.

287 2876 384 2931 Ad
419 2896 580 2948 quem
617 2882 735 2932 tum
775 2878 914 2931 Iuno
950 2876 1179 2946 supplex
1214 2875 1299 2928 his
1334 2873 1553 2927 vocibus
1586 2888 1687 2925 usa
1721 2875 1836 2925 est:

359 2956 547 3024 Aeole,
563 2960 802 3025 namque
818 2954 920 3009 tibi
936 2953 1118 3008 divom
1142 2955 1303 3021 pater
1326 2953 1493 3020 atque
1507 2949 1785 3002 hominum
1800 2964 1899 3000 rex
1944 2958 1994 2997 6⁵

288 3031 362 3087 Et
395 3034 634 3088 mulcere
671 3033 828 3087 dedit
864 3031 1062 3084 fluctus
1100 3033 1159 3083 et
1193 3029 1387 3082 tollere
1424 3030 1599 3093 vento,

290 3110 437 3165 Gens
472 3111 689 3165 inimica
723 3110 854 3163 mihi
893 3107 1229 3176 Tyrrhenum
1264 3106 1489 3172 navigat
1524 3118 1743 3169 aequor,

296 3186 452 3243 Ilium
486 3186 544 3241 in
580 3185 800 3241 Italiam
835 3188 1060 3255 portans
1096 3183 1379 3246 victosque
1416 3178 1669 3234 Penatis:
