2163 3401
210 87 304 132 330
668 84 729 135 P.
764 82 1066 129 VERGILI
1119 78 1452 130 MARONIS

206 160 425 229 Ingruit
464 164 682 215 Aeneas
722 162 880 215 Italis
918 164 976 214 et
1012 161 1219 230 proelia
1256 162 1465 228 miscet,

204 238 277 291 Et
314 255 411 290 nos
450 254 609 291 saeva
647 255 810 291 manu
846 239 1134 290 mittamus
1170 238 1362 289 funera
1397 238 1634 292 Teucris

203 314 319 367 Nee
346 330 569 367 numero
596 313 831 381 inferior,
856 330 1071 381 pugnae
1095 329 1196 365 nec
1219 313 1424 365 honore
1447 313 1688 367 recedes,
1843 330 1912 369 ωο

203 390 415 443 Turnus
452 388 526 441 ad
563 388 728 443 haec:

204 466 249 519 O
288 483 452 533 soror,
492 472 549 520 et
588 466 795 519 dudum
833 464 1083 531 adgnovi,
1120 480 1242 517 cum
1277 464 1452 533 prima
1495 482 1595 534 per
1631 470 1810 519 artem

204 542 449 595 Foedera
486 542 725 595 turbasti
763 545 930 607 teque
966 539 1101 591 haec
1137 540 1192 592 in
1229 539 1374 593 bella
1411 541 1628 606 dedisti,

204 618 273 672 Et
309 637 452 673 nunc
487 619 820 687 nequiquam
856 616 999 668 fallis
1037 615 1154 668 dea.
1222 616 1332 669 Sed
1371 618 1492 685 quis
1529 618 1760 685 Olympo

204 696 507 750 Demissam
546 700 731 749 tantos
762 693 941 747 'voluit
978 698 1035 746 tc
1070 692 1214 745 ferre
1253 691 1504 746 labores?
1841 710 1910 748 ωε

206 775 295 825 An
330 774 517 826 fratris
555 774 737 825 miseri
774 772 944 823 letum
980 774 1044 822 ut
1080 769 1302 821 crudele
1339 769 1552 823 videres
1569 772 1588 824 'l

206 849 344 901 Nam
373 850 507 918 quid
532 867 634 916 ago
653 852 670 902 ‘3
700 853 797 902 aut
822 864 962 916 quae
987 848 1097 900 iam
1123 848 1357 915 spondet
1384 844 1624 899 Fortuna
1645 847 1909 900 salutem?

206 924 334 976 Vidi
374 926 553 978 oculos
594 930 723 979 ante
762 926 879 994 ipse
917 941 1065 977 meos
1102 940 1190 976 me
1225 941 1356 977 voce
1393 927 1672 977 vocantem

206 1000 539 1069 Murranum,
579 1018 685 1071 quo
722 1019 828 1055 non
868 1004 1092 1069 superat
1129 1000 1260 1053 mihi
1299 1001 1474 1053 carior
1511 999 1665 1066 alter,

204 1075 481 1145 Oppetere
520 1078 797 1146 ingentem
838 1082 1003 1147 atquc
1038 1076 1250 1144 ingenti
1289 1076 1507 1129 volnere
1541 1076 1760 1128 victum.
1839 1089 1911 1128 ⁶10

204 1151 418 1205 Occidit
454 1154 655 1221 infelix,
692 1172 762 1207 no
798 1158 1044 1207 nostrum
1083 1153 1320 1206 dedecus
1357 1152 1528 1205 Ufens

206 1228 531 1296 Aspiccret3
572 1229 760 1283 Teucri
799 1230 1086 1298 potiuntur
1123 1245 1346 1297 corpore
1383 1230 1439 1281 et
1473 1227 1654 1281 armis.

203 1303 531 1358 Exscindine
569 1305 772 1371 domos,
810 1306 870 1358 id
905 1305 1070 1359 rebus
1109 1305 1284 1358 defuit
1319 1321 1499 1373 unum,

205 1379 530 1448 Perpetiar'!
568 1382 765 1435 dextra
802 1399 902 1436 nec
939 1382 1170 1435 Drancis
1207 1379 1355 1433 dicta
1389 1380 1665 1434 refellam?

204 1453 381 1523 Terga
400 1456 555 1525 dabo,
577 1461 635 1511 et
654 1458 894 1511 Turnum
912 1458 1215 1525 fugientem
1233 1457 1365 1510 haec
1383 1461 1534 1511 terra
1550 1456 1796 1511 videbit?
1839 1472 1914 1511 ⁰45

204 1530 394 1600 Usque
433 1532 641 1587 adeone
676 1534 815 1588 mori
852 1534 1109 1587 miserum
1155 1536 1274 1587 est?
1312 1534 1425 1586 Vos
1461 1550 1492 1585 ο
1538 1532 1670 1585 mihi
1717 1532 1915 1587 Manes

204 1606 337 1661 Este
372 1607 514 1674 boni,
556 1610 809 1677 quoniam
847 1610 1069 1678 Superis
1105 1626 1294 1664 aversa
1329 1610 1592 1663 voluntas.

205 1682 402 1739 Sancta
438 1684 509 1737 ad
546 1703 641 1739 vos
677 1687 869 1755 anima,
906 1690 1073 1755 atquc
1110 1687 1267 1740 istius
1302 1686 1469 1740 inscia
1504 1686 1694 1756 culpae

205 1758 560 1829 Descendam‚
587 1779 907 1830 magnorum
930 1762 1081 1816 haud
1103 1780 1364 1832 umquam
1387 1763 1644 1830 indignus
1667 1779 1918 1818 avorum·

274 1835 384 1888 Vix
409 1853 475 1890 ea
500 1837 647 1891 fatus
677 1842 824 1892 crat:
852 1839 1061 1892 medios
1086 1839 1251 1906 volat,
1275 1856 1414 1908 ecce,
1438 1856 1539 1908 per
1562 1839 1734 1892 hostis
1841 1855 1921 1894 σεο

205 1909 412 1965 Vectus
450 1929 590 1980 equo
626 1917 915 1980 spumante
954 1915 1131 1982 Saces,
1167 1915 1396 1969 adversa
1429 1917 1630 1982 sagitta

205 1987 429 2040 Saucius
464 2003 572 2053 ora,
609 1988 831 2056 ruitque
866 1989 1144 2057 inplorans
1176 1990 1393 2044 nomine
1430 1991 1700 2044 Turnum:

205 2063 396 2132 Turne,
432 2063 488 2116 in
522 2068 581 2117 te
618 2081 871 2132 suprema
907 2066 1081 2132 salus;
1117 2067 1380 2120 miserere
1414 2069 1644 2120 tuorum.

210 2140 481 2194 Fulminat
517 2143 735 2195 Aeneas
769 2144 949 2210 armis,
989 2159 1338 2212 summasque
1373 2143 1609 2196 minatur

208 2217 556 2271 Deiecturum
592 2235 745 2272 arces
784 2218 984 2272 Italum
1022 2218 1374 2288 exscidioque
1411 2218 1697 2284 daturum3
1845 2237 1927 2276 655

208 2293 433 2362 Iamque
468 2294 615 2347 faces
652 2295 723 2346 ad
759 2297 909 2348 tecta
944 2295 1142 2349 volant.
1217 2295 1285 2347 In
1321 2298 1380 2349 te
1415 2311 1510 2348 ora
1545 2294 1742 2362 Latini,

210 2369 272 2421 In
307 2372 366 2422 te
401 2371 582 2424 oculos
617 2371 893 2436 referunt3
926 2375 1138 2424 mussat
1172 2388 1270 2425 rex
1305 2371 1423 2440 ipsc
1462 2371 1699 2436 Latinus,

206 2445 351 2508 Quos
386 2464 617 2514 generos
652 2450 822 2511 vocet,
858 2451 953 2500 aut
990 2465 1132 2516 quae
1169 2465 1290 2501 sese
1324 2447 1396 2500 ad
1430 2447 1654 2501 foedera
1689 2446 1907 2503 flectat.

206 2520 500 2576 Praeterea
534 2523 737 2590 regina,
775 2523 856 2576 tui
892 2522 1168 2588 fidissima,
1206 2523 1402 2577 dextra

205 2596 421 2651 Occidit
456 2600 576 2666 ipsa
613 2615 724 2664 sua,
762 2598 1049 2667 lucemque
1088 2600 1356 2652 exterrita
1390 2600 1544 2668 fugit.
1843 2614 1926 2653 om

204 2672 313 2723 Soli
348 2691 448 2741 pro
483 2675 656 2741 portis
693 2675 976 2744 Messapus
1011 2679 1069 2730 et
1106 2692 1230 2729 acer
1268 2676 1469 2728 Atinas

206 2745 525 2800 Sustentant
561 2749 747 2803 aciem.
820 2751 1034 2804 Circum
1068 2751 1168 2804 hos
1203 2751 1482 2820 utrimque
1515 2750 1822 2819 phalanges

206 2817 367 2870 Stant
402 2821 616 2889 densae,
654 2826 968 2894 strictisque
1004 2843 1160 2895 seges
1195 2826 1542 2880 mucronibus
1577 2826 1772 2881 horret

206 2887 433 2976 Ferrea:
470 2899 532 2946 tu
568 2914 789 2952 currum
825 2901 1047 2955 deserto
1083 2905 1138 2956 in
1175 2902 1422 2971 gramine
1457 2919 1656 2957 versas·

209 2960 488 3054 Qbstipuit
523 2972 671 3023 varia
707 2975 959 3030 confusus
996 2978 1231 3045 imagine
1267 2995 1451 3032 rerum
1844 2993 1929 3034 aaa

253 3049 433 3119 urnas,
472 3041 530 3090 et
560 3043 761 3099 obtutu
798 3051 964 3105 tacito
1004 3055 1190 3118 stetit3
1228 3058 1443 3109 aestuat
1479 3055 1676 3124 ingens

265 3119 333 3155 ¹⁰⁰
367 3123 423 3157 ¹¹¹
456 3114 619 3166 eorde
648 3121 825 3180 pudor
856 3126 1140 3195 mixtoque
1173 3130 1382 3184 insania
1413 3130 1568 3184 luctu
