<?xml version="1.0" encoding="UTF-8"?>
<!DOCTYPE html PUBLIC "-//W3C//DTD XHTML 1.0 Transitional//EN"
    "http://www.w3.org/TR/xhtml1/DTD/xhtml1-transitional.dtd">
<html xmlns="http://www.w3.org/1999/xhtml" xml:lang="en" lang="en">
 <head>
  <title>
</title>
<meta http-equiv="Content-Type" content="text/html;charset=utf-8" />
  <meta name='ocr-system' content='tesseract 3.04.00' />
  <meta name='ocr-capabilities' content='ocr_page ocr_carea ocr_par ocr_line ocrx_word'/>
</head>
<body>
  <div class='ocr_page' id='page_1' title='image "./operaexrecensio04virggoog/operaexrecensio04virggoog_0017.png"; bbox 0 0 2163 3401; ppageno 0'>
   <div class='ocr_carea' id='block_1_1' title="bbox 729 107 1949 157">
    <p class='ocr_par' dir='ltr' id='par_1_1' title="bbox 729 107 1949 157">
     <span class='ocr_line' id='line_1_1' title="bbox 729 107 1949 157; baseline -0.002 -2"><span class='ocrx_word' id='word_1_1' title='bbox 729 109 821 156; x_wconf 81' lang='lat' dir='ltr'><strong>BU</strong></span> <span class='ocrx_word' id='word_1_2' title='bbox 831 108 1109 156; x_wconf 86' lang='lat' dir='ltr'>COLIGA.</span> <span class='ocrx_word' id='word_1_3' title='bbox 1170 107 1324 157; x_wconf 80' lang='lat' dir='ltr'><strong>EGL.</strong></span> <span class='ocrx_word' id='word_1_4' title='bbox 1363 108 1437 156; x_wconf 92' lang='lat'><strong>11.</strong></span> <span class='ocrx_word' id='word_1_5' title='bbox 1920 107 1949 153; x_wconf 80' lang='lat'><strong>3</strong></span> 
     </span>
    </p>
   </div>
   <div class='ocr_carea' id='block_1_2' title="bbox 205 186 1949 1630">
    <p class='ocr_par' dir='ltr' id='par_1_2' title="bbox 205 186 1863 334">
     <span class='ocr_line' id='line_1_2' title="bbox 205 186 1863 257; baseline 0 -15"><span class='ocrx_word' id='word_1_6' title='bbox 205 190 363 242; x_wconf 85' lang='lat' dir='ltr'><strong>Pars</strong></span> <span class='ocrx_word' id='word_1_7' title='bbox 404 187 683 256; x_wconf 80' lang='lat' dir='ltr'><strong>Scythiam</strong></span> <span class='ocrx_word' id='word_1_8' title='bbox 719 192 777 242; x_wconf 88' lang='lat' dir='ltr'><strong>et</strong></span> <span class='ocrx_word' id='word_1_9' title='bbox 813 187 1068 257; x_wconf 81' lang='lat' dir='ltr'><strong>rapidum</strong></span> <span class='ocrx_word' id='word_1_10' title='bbox 1106 187 1306 244; x_wconf 79' lang='lat' dir='ltr'><strong>Cretae</strong></span> <span class='ocrx_word' id='word_1_11' title='bbox 1341 187 1621 243; x_wconf 80' lang='lat' dir='ltr'><strong>veniemus</strong></span> <span class='ocrx_word' id='word_1_12' title='bbox 1657 186 1863 256; x_wconf 81' lang='lat' dir='ltr'><strong>Oaxen,</strong></span> 
     </span>
     <span class='ocr_line' id='line_1_3' title="bbox 205 263 1469 334; baseline 0.001 -17"><span class='ocrx_word' id='word_1_13' title='bbox 205 265 287 318; x_wconf 79' lang='lat' dir='ltr'><strong>Et</strong></span> <span class='ocrx_word' id='word_1_14' title='bbox 329 264 558 334; x_wconf 86' lang='lat' dir='ltr'><strong>penitus</strong></span> <span class='ocrx_word' id='word_1_15' title='bbox 593 267 712 318; x_wconf 85' lang='lat' dir='ltr'><strong>toto</strong></span> <span class='ocrx_word' id='word_1_16' title='bbox 749 263 952 318; x_wconf 83' lang='lat' dir='ltr'><strong>divisos</strong></span> <span class='ocrx_word' id='word_1_17' title='bbox 988 264 1121 318; x_wconf 92' lang='lat' dir='ltr'><strong>orbe</strong></span> <span class='ocrx_word' id='word_1_18' title='bbox 1159 265 1469 320; x_wconf 76' lang='lat' dir='ltr'><strong>Britannos,</strong></span> 
     </span>
    </p>

    <p class='ocr_par' dir='ltr' id='par_1_3' title="bbox 209 339 1713 485">
     <span class='ocr_line' id='line_1_4' title="bbox 213 339 1673 409; baseline 0.001 -16"><span class='ocrx_word' id='word_1_19' title='bbox 213 343 303 394; x_wconf 72' lang='lat'>{⁴311</span> <span class='ocrx_word' id='word_1_20' title='bbox 344 357 612 408; x_wconf 87' lang='lat' dir='ltr'><strong>umquam</strong></span> <span class='ocrx_word' id='word_1_21' title='bbox 648 341 856 409; x_wconf 82' lang='lat' dir='ltr'><strong>patrios</strong></span> <span class='ocrx_word' id='word_1_22' title='bbox 890 340 1052 408; x_wconf 87' lang='lat' dir='ltr'><strong>longo</strong></span> <span class='ocrx_word' id='word_1_23' title='bbox 1086 345 1213 409; x_wconf 88' lang='lat' dir='ltr'><strong>post</strong></span> <span class='ocrx_word' id='word_1_24' title='bbox 1248 344 1500 407; x_wconf 80' lang='lat' dir='ltr'><strong>tempore</strong></span> <span class='ocrx_word' id='word_1_25' title='bbox 1532 339 1673 408; x_wconf 85' lang='lat' dir='ltr'><strong>finis,</strong></span> 
     </span>
     <span class='ocr_line' id='line_1_5' title="bbox 209 415 1713 485; baseline 0.001 -16"><span class='ocrx_word' id='word_1_26' title='bbox 209 417 498 485; x_wconf 80' lang='lat' dir='ltr'><strong>Pauperis</strong></span> <span class='ocrx_word' id='word_1_27' title='bbox 533 420 594 470; x_wconf 91' lang='lat' dir='ltr'><strong>et</strong></span> <span class='ocrx_word' id='word_1_28' title='bbox 628 416 817 484; x_wconf 85' lang='lat' dir='ltr'><strong>tuguri</strong></span> <span class='ocrx_word' id='word_1_29' title='bbox 853 421 1173 484; x_wconf 85' lang='lat' dir='ltr'><strong>congestum</strong></span> <span class='ocrx_word' id='word_1_30' title='bbox 1207 417 1448 485; x_wconf 81' lang='lat' dir='ltr'><strong>caespite</strong></span> <span class='ocrx_word' id='word_1_31' title='bbox 1482 415 1713 484; x_wconf 88' lang='lat' dir='ltr'><strong>culmen,</strong></span> 
     </span>
    </p>

    <p class='ocr_par' dir='ltr' id='par_1_4' title="bbox 213 491 1949 790">
     <span class='ocr_line' id='line_1_6' title="bbox 213 491 1949 561; baseline 0.001 -14"><span class='ocrx_word' id='word_1_32' title='bbox 213 495 364 548; x_wconf 83' lang='lat' dir='ltr'><strong>Post</strong></span> <span class='ocrx_word' id='word_1_33' title='bbox 400 493 626 561; x_wconf 85' lang='lat' dir='ltr'><strong>aliquot,</strong></span> <span class='ocrx_word' id='word_1_34' title='bbox 661 509 786 546; x_wconf 82' lang='lat' dir='ltr'><strong>mea</strong></span> <span class='ocrx_word' id='word_1_35' title='bbox 819 509 988 560; x_wconf 79' lang='lat' dir='ltr'><strong>regna</strong></span> <span class='ocrx_word' id='word_1_36' title='bbox 1023 491 1230 560; x_wconf 88' lang='lat' dir='ltr'><strong>videns,</strong></span> <span class='ocrx_word' id='word_1_37' title='bbox 1266 492 1509 546; x_wconf 88' lang='lat' dir='ltr'><strong>mirabor</strong></span> <span class='ocrx_word' id='word_1_38' title='bbox 1542 491 1783 548; x_wconf 67' lang='lat' dir='ltr'><strong>aristas?</strong></span> <span class='ocrx_word' id='word_1_39' title='bbox 1898 506 1949 548; x_wconf 76' lang='lat' dir='ltr'><strong><em>w</em></strong></span> 
     </span>
     <span class='ocr_line' id='line_1_7' title="bbox 216 567 1697 640; baseline -0.001 -16"><span class='ocrx_word' id='word_1_40' title='bbox 216 571 444 640; x_wconf 83' lang='lat' dir='ltr'>Impius</span> <span class='ocrx_word' id='word_1_41' title='bbox 479 569 616 622; x_wconf 86' lang='lat' dir='ltr'><strong>haec</strong></span> <span class='ocrx_word' id='word_1_42' title='bbox 650 572 766 622; x_wconf 90' lang='lat' dir='ltr'><strong>tam</strong></span> <span class='ocrx_word' id='word_1_43' title='bbox 802 569 950 623; x_wconf 88' lang='lat' dir='ltr'><strong>culta</strong></span> <span class='ocrx_word' id='word_1_44' title='bbox 983 567 1198 622; x_wconf 84' lang='lat' dir='ltr'><strong>novalia</strong></span> <span class='ocrx_word' id='word_1_45' title='bbox 1231 567 1389 622; x_wconf 90' lang='lat' dir='ltr'><strong>miles</strong></span> <span class='ocrx_word' id='word_1_46' title='bbox 1426 567 1697 623; x_wconf 66' lang='lat' dir='ltr'><strong>habebit?</strong></span> 
     </span>
     <span class='ocr_line' id='line_1_8' title="bbox 217 644 1677 713; baseline -0.002 -12"><span class='ocrx_word' id='word_1_47' title='bbox 217 647 510 701; x_wconf 86' lang='lat' dir='ltr'><strong>Barbarus</strong></span> <span class='ocrx_word' id='word_1_48' title='bbox 544 646 644 699; x_wconf 88' lang='lat' dir='ltr'><strong>has</strong></span> <span class='ocrx_word' id='word_1_49' title='bbox 679 646 935 713; x_wconf 65' lang='lat' dir='ltr'><strong>segetes?</strong></span> <span class='ocrx_word' id='word_1_50' title='bbox 971 660 1054 712; x_wconf 93' lang='lat' dir='ltr'><strong>en,</strong></span> <span class='ocrx_word' id='word_1_51' title='bbox 1092 661 1201 712; x_wconf 89' lang='lat' dir='ltr'><strong>quo</strong></span> <span class='ocrx_word' id='word_1_52' title='bbox 1237 644 1511 698; x_wconf 81' lang='lat' dir='ltr'><strong>discordia</strong></span> <span class='ocrx_word' id='word_1_53' title='bbox 1546 644 1677 698; x_wconf 87' lang='lat' dir='ltr'><strong>civis</strong></span> 
     </span>
     <span class='ocr_line' id='line_1_9' title="bbox 222 721 1679 790; baseline -0.001 -14"><span class='ocrx_word' id='word_1_54' title='bbox 222 723 502 777; x_wconf 75' lang='lat' dir='ltr'><strong>l’roduxit</strong></span> <span class='ocrx_word' id='word_1_55' title='bbox 536 721 793 776; x_wconf 87' lang='lat' dir='ltr'><strong>miseros!</strong></span> <span class='ocrx_word' id='word_1_56' title='bbox 832 738 916 790; x_wconf 91' lang='lat' dir='ltr'><strong>en,</strong></span> <span class='ocrx_word' id='word_1_57' title='bbox 952 721 1074 789; x_wconf 89' lang='lat' dir='ltr'><strong>quis</strong></span> <span class='ocrx_word' id='word_1_58' title='bbox 1110 721 1449 774; x_wconf 79' lang='lat' dir='ltr'><strong>consevimus</strong></span> <span class='ocrx_word' id='word_1_59' title='bbox 1482 724 1679 789; x_wconf 84' lang='lat' dir='ltr'><strong>agros!</strong></span> 
     </span>
    </p>

    <p class='ocr_par' dir='ltr' id='par_1_5' title="bbox 219 797 1719 866">
     <span class='ocr_line' id='line_1_10' title="bbox 219 797 1719 866; baseline 0 -14"><span class='ocrx_word' id='word_1_60' title='bbox 219 801 422 853; x_wconf 89' lang='lat' dir='ltr'><strong>Insere</strong></span> <span class='ocrx_word' id='word_1_61' title='bbox 458 814 614 865; x_wconf 89' lang='lat' dir='ltr'><strong>nunc,</strong></span> <span class='ocrx_word' id='word_1_62' title='bbox 652 797 935 865; x_wconf 90' lang='lat' dir='ltr'><strong>Meliboee,</strong></span> <span class='ocrx_word' id='word_1_63' title='bbox 971 797 1137 866; x_wconf 74' lang='lat' dir='ltr'><strong>pirOS,</strong></span> <span class='ocrx_word' id='word_1_64' title='bbox 1171 813 1312 866; x_wconf 90' lang='lat' dir='ltr'><strong>pone</strong></span> <span class='ocrx_word' id='word_1_65' title='bbox 1348 797 1540 851; x_wconf 86' lang='lat' dir='ltr'><strong>ordine</strong></span> <span class='ocrx_word' id='word_1_66' title='bbox 1575 797 1719 852; x_wconf 85' lang='lat' dir='ltr'><strong>vitis.</strong></span> 
     </span>
    </p>

    <p class='ocr_par' dir='ltr' id='par_1_6' title="bbox 217 872 1947 1096">
     <span class='ocr_line' id='line_1_11' title="bbox 220 872 1947 942; baseline -0.002 -12"><span class='ocrx_word' id='word_1_67' title='bbox 220 877 318 930; x_wconf 83' lang='lat' dir='ltr'><strong>Ite</strong></span> <span class='ocrx_word' id='word_1_68' title='bbox 355 892 525 942; x_wconf 89' lang='lat' dir='ltr'><strong>meae,</strong></span> <span class='ocrx_word' id='word_1_69' title='bbox 560 874 692 927; x_wconf 84' lang='lat' dir='ltr'><strong>felix</strong></span> <span class='ocrx_word' id='word_1_70' title='bbox 727 874 1002 942; x_wconf 87' lang='lat' dir='ltr'><strong>quondam</strong></span> <span class='ocrx_word' id='word_1_71' title='bbox 1036 889 1219 942; x_wconf 88' lang='lat' dir='ltr'><strong>pecus,</strong></span> <span class='ocrx_word' id='word_1_72' title='bbox 1254 872 1333 927; x_wconf 89' lang='lat' dir='ltr'><strong>ite</strong></span> <span class='ocrx_word' id='word_1_73' title='bbox 1369 873 1624 942; x_wconf 80' lang='lat' dir='ltr'><strong>capellae.</strong></span> <span class='ocrx_word' id='word_1_74' title='bbox 1894 885 1947 928; x_wconf 72' lang='lat'><strong>75</strong></span> 
     </span>
     <span class='ocr_line' id='line_1_12' title="bbox 217 949 1713 1019; baseline 0 -15"><span class='ocrx_word' id='word_1_75' title='bbox 217 949 276 1004; x_wconf 82' lang='lat' dir='ltr'>N</span> <span class='ocrx_word' id='word_1_76' title='bbox 279 967 352 1004; x_wconf 92' lang='lat' dir='ltr'><strong>on</strong></span> <span class='ocrx_word' id='word_1_77' title='bbox 388 968 492 1018; x_wconf 86' lang='lat' dir='ltr'><strong>ego</strong></span> <span class='ocrx_word' id='word_1_78' title='bbox 525 967 622 1004; x_wconf 81' lang='lat' dir='ltr'><strong>vos</strong></span> <span class='ocrx_word' id='word_1_79' title='bbox 656 950 898 1019; x_wconf 89' lang='lat' dir='ltr'><strong>posthac,</strong></span> <span class='ocrx_word' id='word_1_80' title='bbox 934 949 1098 1003; x_wconf 84' lang='lat' dir='ltr'><strong>viridi</strong></span> <span class='ocrx_word' id='word_1_81' title='bbox 1133 949 1409 1018; x_wconf 87' lang='lat' dir='ltr'><strong>proiectus</strong></span> <span class='ocrx_word' id='word_1_82' title='bbox 1444 950 1501 1003; x_wconf 90' lang='lat' dir='ltr'><strong>in</strong></span> <span class='ocrx_word' id='word_1_83' title='bbox 1536 953 1713 1018; x_wconf 86' lang='lat' dir='ltr'><strong>antr0,</strong></span> 
     </span>
     <span class='ocr_line' id='line_1_13' title="bbox 219 1025 1521 1096; baseline -0.002 -14"><span class='ocrx_word' id='word_1_84' title='bbox 219 1027 472 1082; x_wconf 90' lang='lat' dir='ltr'><strong>Dumosa</strong></span> <span class='ocrx_word' id='word_1_85' title='bbox 504 1026 746 1096; x_wconf 87' lang='lat' dir='ltr'><strong>pendere</strong></span> <span class='ocrx_word' id='word_1_86' title='bbox 780 1026 968 1096; x_wconf 87' lang='lat' dir='ltr'><strong>procul</strong></span> <span class='ocrx_word' id='word_1_87' title='bbox 1005 1026 1076 1080; x_wconf 90' lang='lat' dir='ltr'><strong>de</strong></span> <span class='ocrx_word' id='word_1_88' title='bbox 1113 1042 1250 1095; x_wconf 90' lang='lat' dir='ltr'><strong>rupe</strong></span> <span class='ocrx_word' id='word_1_89' title='bbox 1287 1025 1521 1092; x_wconf 81' lang='lat' dir='ltr'><strong>videb03</strong></span> 
     </span>
    </p>

    <p class='ocr_par' dir='ltr' id='par_1_7' title="bbox 221 1103 1796 1249">
     <span class='ocr_line' id='line_1_14' title="bbox 221 1103 1796 1172; baseline 0 -15"><span class='ocrx_word' id='word_1_90' title='bbox 221 1105 482 1157; x_wconf 76' lang='lat' dir='ltr'><strong>Carmina.</strong></span> <span class='ocrx_word' id='word_1_91' title='bbox 514 1104 662 1158; x_wconf 89' lang='lat' dir='ltr'><strong>nulla</strong></span> <span class='ocrx_word' id='word_1_92' title='bbox 696 1121 913 1169; x_wconf 84' lang='lat' dir='ltr'><strong>canam3</strong></span> <span class='ocrx_word' id='word_1_93' title='bbox 949 1121 1070 1172; x_wconf 90' lang='lat' dir='ltr'><strong>non,</strong></span> <span class='ocrx_word' id='word_1_94' title='bbox 1105 1120 1195 1157; x_wconf 91' lang='lat' dir='ltr'><strong>me</strong></span> <span class='ocrx_word' id='word_1_95' title='bbox 1229 1107 1503 1171; x_wconf 87' lang='lat' dir='ltr'><strong>pascente,</strong></span> <span class='ocrx_word' id='word_1_96' title='bbox 1539 1103 1796 1171; x_wconf 82' lang='lat' dir='ltr'><strong>capellae,</strong></span> 
     </span>
     <span class='ocr_line' id='line_1_15' title="bbox 225 1179 1656 1249; baseline -0.002 -15"><span class='ocrx_word' id='word_1_97' title='bbox 225 1180 540 1234; x_wconf 74' lang='lat' dir='ltr'><strong>Florentem</strong></span> <span class='ocrx_word' id='word_1_98' title='bbox 575 1181 806 1249; x_wconf 75' lang='lat' dir='ltr'><strong>cytisum</strong></span> <span class='ocrx_word' id='word_1_99' title='bbox 840 1185 899 1234; x_wconf 87' lang='lat' dir='ltr'><strong>ct</strong></span> <span class='ocrx_word' id='word_1_100' title='bbox 934 1181 1124 1234; x_wconf 82' lang='lat' dir='ltr'><strong>salices</strong></span> <span class='ocrx_word' id='word_1_101' title='bbox 1158 1179 1395 1248; x_wconf 83' lang='lat' dir='ltr'><strong>carpetis</strong></span> <span class='ocrx_word' id='word_1_102' title='bbox 1431 1195 1656 1232; x_wconf 88' lang='lat' dir='ltr'><strong>amaras.</strong></span> 
     </span>
    </p>

    <p class='ocr_par' dir='ltr' id='par_1_8' title="bbox 225 1255 1942 1477">
     <span class='ocr_line' id='line_1_16' title="bbox 232 1255 1900 1326; baseline 0.001 -18"><span class='ocrx_word' id='word_1_103' title='bbox 232 1255 291 1308; x_wconf 87' lang='lat' dir='ltr'><strong>T.</strong></span> <span class='ocrx_word' id='word_1_104' title='bbox 331 1256 440 1309; x_wconf 89' lang='lat' dir='ltr'><strong>Hic</strong></span> <span class='ocrx_word' id='word_1_105' title='bbox 461 1260 644 1310; x_wconf 87' lang='lat' dir='ltr'><strong>tamen</strong></span> <span class='ocrx_word' id='word_1_106' title='bbox 670 1255 808 1309; x_wconf 88' lang='lat' dir='ltr'><strong>hanc</strong></span> <span class='ocrx_word' id='word_1_107' title='bbox 831 1273 1042 1310; x_wconf 88' lang='lat' dir='ltr'><strong>mecum</strong></span> <span class='ocrx_word' id='word_1_108' title='bbox 1066 1260 1287 1326; x_wconf 85' lang='lat' dir='ltr'><strong>poteras</strong></span> <span class='ocrx_word' id='word_1_109' title='bbox 1312 1255 1657 1324; x_wconf 88' lang='lat' dir='ltr'><strong>requiescere</strong></span> <span class='ocrx_word' id='word_1_110' title='bbox 1681 1258 1900 1310; x_wconf 89' lang='lat' dir='ltr'><strong>noctem</strong></span> 
     </span>
     <span class='ocr_line' id='line_1_17' title="bbox 228 1330 1942 1401; baseline -0.001 -17"><span class='ocrx_word' id='word_1_111' title='bbox 228 1330 450 1384; x_wconf 81' lang='lat' dir='ltr'><strong>Fronde</strong></span> <span class='ocrx_word' id='word_1_112' title='bbox 484 1349 650 1401; x_wconf 88' lang='lat' dir='ltr'><strong>super</strong></span> <span class='ocrx_word' id='word_1_113' title='bbox 682 1332 878 1386; x_wconf 85' lang='lat' dir='ltr'><strong>viridi:</strong></span> <span class='ocrx_word' id='word_1_114' title='bbox 926 1337 1053 1388; x_wconf 88' lang='lat' dir='ltr'><strong>sunt</strong></span> <span class='ocrx_word' id='word_1_115' title='bbox 1076 1333 1233 1387; x_wconf 87' lang='lat' dir='ltr'><strong>nobis</strong></span> <span class='ocrx_word' id='word_1_116' title='bbox 1268 1331 1425 1385; x_wconf 88' lang='lat' dir='ltr'><strong>mitia</strong></span> <span class='ocrx_word' id='word_1_117' title='bbox 1459 1347 1637 1400; x_wconf 89' lang='lat' dir='ltr'><strong>poma,</strong></span> <span class='ocrx_word' id='word_1_118' title='bbox 1892 1346 1942 1384; x_wconf 67' lang='lat' dir='ltr'><strong>si</strong></span> 
     </span>
     <span class='ocr_line' id='line_1_18' title="bbox 225 1407 1489 1477; baseline 0 -17"><span class='ocrx_word' id='word_1_119' title='bbox 225 1408 531 1461; x_wconf 84' lang='lat' dir='ltr'><strong>Castaneae</strong></span> <span class='ocrx_word' id='word_1_120' title='bbox 564 1408 770 1475; x_wconf 90' lang='lat' dir='ltr'><strong>molles,</strong></span> <span class='ocrx_word' id='word_1_121' title='bbox 805 1412 863 1462; x_wconf 90' lang='lat' dir='ltr'><strong>et</strong></span> <span class='ocrx_word' id='word_1_122' title='bbox 897 1409 1072 1477; x_wconf 87' lang='lat' dir='ltr'><strong>pressi</strong></span> <span class='ocrx_word' id='word_1_123' title='bbox 1106 1408 1262 1477; x_wconf 89' lang='lat' dir='ltr'><strong>copia</strong></span> <span class='ocrx_word' id='word_1_124' title='bbox 1295 1407 1489 1473; x_wconf 89' lang='lat' dir='ltr'><strong>lactis;</strong></span> 
     </span>
    </p>

    <p class='ocr_par' dir='ltr' id='par_1_9' title="bbox 227 1482 1738 1630">
     <span class='ocr_line' id='line_1_19' title="bbox 231 1482 1738 1551; baseline 0.001 -16"><span class='ocrx_word' id='word_1_125' title='bbox 231 1483 302 1537; x_wconf 84' lang='lat' dir='ltr'><strong>Et</strong></span> <span class='ocrx_word' id='word_1_126' title='bbox 350 1483 460 1537; x_wconf 86' lang='lat' dir='ltr'><strong>iam</strong></span> <span class='ocrx_word' id='word_1_127' title='bbox 493 1499 706 1537; x_wconf 88' lang='lat' dir='ltr'><strong>summa</strong></span> <span class='ocrx_word' id='word_1_128' title='bbox 737 1483 921 1551; x_wconf 78' lang='lat' dir='ltr'><strong>procul</strong></span> <span class='ocrx_word' id='word_1_129' title='bbox 956 1484 1207 1537; x_wconf 82' lang='lat' dir='ltr'><strong>villarum</strong></span> <span class='ocrx_word' id='word_1_130' title='bbox 1242 1483 1477 1536; x_wconf 89' lang='lat' dir='ltr'><strong>culmina</strong></span> <span class='ocrx_word' id='word_1_131' title='bbox 1510 1482 1738 1549; x_wconf 86' lang='lat' dir='ltr'><strong>fumant,</strong></span> 
     </span>
     <span class='ocr_line' id='line_1_20' title="bbox 227 1557 1667 1630; baseline -0.002 -16"><span class='ocrx_word' id='word_1_132' title='bbox 227 1561 575 1630; x_wconf 85' lang='lat' dir='ltr'><strong>Maioresque</strong></span> <span class='ocrx_word' id='word_1_133' title='bbox 609 1559 814 1614; x_wconf 85' lang='lat' dir='ltr'><strong>cadunt</strong></span> <span class='ocrx_word' id='word_1_134' title='bbox 847 1559 976 1614; x_wconf 85' lang='lat' dir='ltr'><strong>altis</strong></span> <span class='ocrx_word' id='word_1_135' title='bbox 1010 1559 1083 1614; x_wconf 92' lang='lat' dir='ltr'><strong>de</strong></span> <span class='ocrx_word' id='word_1_136' title='bbox 1116 1557 1394 1613; x_wconf 90' lang='lat' dir='ltr'><strong>montibus</strong></span> <span class='ocrx_word' id='word_1_137' title='bbox 1426 1557 1667 1612; x_wconf 86' lang='lat' dir='ltr'><strong>umbrae.</strong></span> 
     </span>
    </p>
   </div>
   <div class='ocr_carea' id='block_1_3' title="bbox 831 1744 1360 1851">
    <p class='ocr_par' dir='ltr' id='par_1_10' title="bbox 831 1744 1360 1851">
     <span class='ocr_line' id='line_1_21' title="bbox 831 1744 1360 1851; baseline 0 -3"><span class='ocrx_word' id='word_1_138' title='bbox 831 1744 1207 1851; x_wconf 64' lang='lat' dir='ltr'>ECLOGA</span> <span class='ocrx_word' id='word_1_139' title='bbox 1270 1791 1360 1849; x_wconf 90' lang='grc' dir='ltr'><strong>ΙΙ.</strong></span> 
     </span>
    </p>
   </div>
   <div class='ocr_carea' id='block_1_4' title="bbox 929 1918 1214 1969">
    <p class='ocr_par' dir='ltr' id='par_1_11' title="bbox 929 1918 1214 1969">
     <span class='ocr_line' id='line_1_22' title="bbox 929 1918 1214 1969; baseline 0.007 -3"><span class='ocrx_word' id='word_1_140' title='bbox 929 1918 1214 1969; x_wconf 87' lang='lat' dir='ltr'>ALEXIS.</span> 
     </span>
    </p>
   </div>
   <div class='ocr_carea' id='block_1_5' title="bbox 147 2016 1935 3237">
    <p class='ocr_par' dir='ltr' id='par_1_12' title="bbox 231 2016 1606 2093">
     <span class='ocr_line' id='line_1_23' title="bbox 231 2016 1606 2093; baseline 0.004 -19"><span class='ocrx_word' id='word_1_141' title='bbox 231 2021 544 2076; x_wconf 67' lang='lat' dir='ltr'><strong>Fonnostm</strong></span> <span class='ocrx_word' id='word_1_142' title='bbox 581 2026 770 2091; x_wconf 86' lang='lat' dir='ltr'><strong>pastor</strong></span> <span class='ocrx_word' id='word_1_143' title='bbox 807 2022 1057 2092; x_wconf 82' lang='lat' dir='ltr'><strong>Corydon</strong></span> <span class='ocrx_word' id='word_1_144' title='bbox 1094 2023 1324 2078; x_wconf 85' lang='lat' dir='ltr'><strong>ardebat</strong></span> <span class='ocrx_word' id='word_1_145' title='bbox 1361 2016 1606 2093; x_wconf 61' lang='lat' dir='ltr'><strong>Alexim,</strong></span> 
     </span>
    </p>

    <p class='ocr_par' dir='ltr' id='par_1_13' title="bbox 234 2098 1631 2169">
     <span class='ocr_line' id='line_1_24' title="bbox 234 2098 1631 2169; baseline 0.003 -18"><span class='ocrx_word' id='word_1_146' title='bbox 234 2099 458 2153; x_wconf 87' lang='lat' dir='ltr'><strong>Delicias</strong></span> <span class='ocrx_word' id='word_1_147' title='bbox 495 2098 716 2165; x_wconf 88' lang='lat' dir='ltr'><strong>domini,</strong></span> <span class='ocrx_word' id='word_1_148' title='bbox 752 2116 867 2167; x_wconf 89' lang='lat' dir='ltr'><strong>nec,</strong></span> <span class='ocrx_word' id='word_1_149' title='bbox 905 2100 1042 2169; x_wconf 91' lang='lat' dir='ltr'><strong>quid</strong></span> <span class='ocrx_word' id='word_1_150' title='bbox 1077 2104 1340 2169; x_wconf 85' lang='lat' dir='ltr'><strong>speraret,</strong></span> <span class='ocrx_word' id='word_1_151' title='bbox 1376 2100 1631 2156; x_wconf 88' lang='lat' dir='ltr'><strong>habebat.</strong></span> 
     </span>
    </p>

    <p class='ocr_par' dir='ltr' id='par_1_14' title="bbox 231 2175 1695 2246">
     <span class='ocr_line' id='line_1_25' title="bbox 231 2175 1695 2246; baseline 0.002 -17"><span class='ocrx_word' id='word_1_152' title='bbox 231 2177 458 2231; x_wconf 85' lang='lat' dir='ltr'><strong>Tantum</strong></span> <span class='ocrx_word' id='word_1_153' title='bbox 492 2176 638 2229; x_wconf 87' lang='lat' dir='ltr'><strong>inter</strong></span> <span class='ocrx_word' id='word_1_154' title='bbox 673 2175 884 2240; x_wconf 85' lang='lat' dir='ltr'><strong>densas,</strong></span> <span class='ocrx_word' id='word_1_155' title='bbox 920 2176 1179 2230; x_wconf 89' lang='lat' dir='ltr'><strong>umbrosa</strong></span> <span class='ocrx_word' id='word_1_156' title='bbox 1213 2178 1505 2245; x_wconf 88' lang='lat' dir='ltr'><strong>cacumina,</strong></span> <span class='ocrx_word' id='word_1_157' title='bbox 1540 2178 1695 2246; x_wconf 88' lang='lat' dir='ltr'><strong>fagos</strong></span> 
     </span>
    </p>

    <p class='ocr_par' dir='ltr' id='par_1_15' title="bbox 235 2251 1611 2307">
     <span class='ocr_line' id='line_1_26' title="bbox 235 2251 1611 2307; baseline 0.001 -2"><span class='ocrx_word' id='word_1_158' title='bbox 235 2252 475 2306; x_wconf 86' lang='lat' dir='ltr'><strong>Adsidue</strong></span> <span class='ocrx_word' id='word_1_159' title='bbox 509 2251 782 2305; x_wconf 85' lang='lat' dir='ltr'><strong>veniebat.</strong></span> <span class='ocrx_word' id='word_1_160' title='bbox 858 2251 945 2304; x_wconf 91' lang='lat' dir='ltr'><strong>Ibi</strong></span> <span class='ocrx_word' id='word_1_161' title='bbox 981 2252 1116 2305; x_wconf 89' lang='lat' dir='ltr'><strong>haec</strong></span> <span class='ocrx_word' id='word_1_162' title='bbox 1150 2251 1429 2306; x_wconf 88' lang='lat' dir='ltr'><strong>incondita</strong></span> <span class='ocrx_word' id='word_1_163' title='bbox 1464 2254 1611 2307; x_wconf 90' lang='lat' dir='ltr'><strong>solus</strong></span> 
     </span>
    </p>

    <p class='ocr_par' dir='ltr' id='par_1_16' title="bbox 230 2326 1934 2472">
     <span class='ocr_line' id='line_1_27' title="bbox 230 2326 1934 2384; baseline 0.003 -5"><span class='ocrx_word' id='word_1_164' title='bbox 230 2326 502 2381; x_wconf 86' lang='lat' dir='ltr'><strong>Montibus</strong></span> <span class='ocrx_word' id='word_1_165' title='bbox 537 2331 597 2381; x_wconf 90' lang='lat' dir='ltr'><strong>et</strong></span> <span class='ocrx_word' id='word_1_166' title='bbox 632 2328 779 2382; x_wconf 89' lang='lat' dir='ltr'><strong>silvis</strong></span> <span class='ocrx_word' id='word_1_167' title='bbox 815 2328 1000 2381; x_wconf 88' lang='lat' dir='ltr'><strong>studio</strong></span> <span class='ocrx_word' id='word_1_168' title='bbox 1035 2327 1276 2382; x_wconf 88' lang='lat' dir='ltr'><strong>iactabat</strong></span> <span class='ocrx_word' id='word_1_169' title='bbox 1313 2328 1492 2383; x_wconf 86' lang='lat' dir='ltr'><strong>inani:</strong></span> <span class='ocrx_word' id='word_1_170' title='bbox 1906 2342 1934 2384; x_wconf 75' lang='grc' dir='ltr'><strong><em>ε</em></strong></span> 
     </span>
     <span class='ocr_line' id='line_1_28' title="bbox 296 2402 1666 2472; baseline 0.003 -16"><span class='ocrx_word' id='word_1_171' title='bbox 296 2402 340 2456; x_wconf 92' lang='lat' dir='ltr'>O</span> <span class='ocrx_word' id='word_1_172' title='bbox 377 2403 612 2458; x_wconf 88' lang='lat' dir='ltr'><strong>crudelis</strong></span> <span class='ocrx_word' id='word_1_173' title='bbox 648 2404 830 2472; x_wconf 85' lang='lat' dir='ltr'><strong>Alexi,</strong></span> <span class='ocrx_word' id='word_1_174' title='bbox 864 2404 999 2457; x_wconf 89' lang='lat' dir='ltr'><strong>nihil</strong></span> <span class='ocrx_word' id='word_1_175' title='bbox 1034 2421 1159 2458; x_wconf 87' lang='lat' dir='ltr'><strong>mea</strong></span> <span class='ocrx_word' id='word_1_176' title='bbox 1192 2405 1433 2457; x_wconf 85' lang='lat' dir='ltr'><strong>carmina</strong></span> <span class='ocrx_word' id='word_1_177' title='bbox 1468 2406 1666 2460; x_wconf 66' lang='lat' dir='ltr'><strong>curas?</strong></span> 
     </span>
    </p>

    <p class='ocr_par' dir='ltr' id='par_1_17' title="bbox 147 2479 1649 2550">
     <span class='ocr_line' id='line_1_29' title="bbox 147 2479 1649 2550; baseline -0.001 -14"><span class='ocrx_word' id='word_1_178' title='bbox 147 2498 211 2550; x_wconf 51' lang='lat' dir='ltr'><strong>R,</strong></span> <span class='ocrx_word' id='word_1_179' title='bbox 231 2479 319 2541; x_wconf 62' lang='lat' dir='ltr'><strong>Nil</strong></span> <span class='ocrx_word' id='word_1_180' title='bbox 353 2480 522 2532; x_wconf 82' lang='lat' dir='ltr'><strong>nostri</strong></span> <span class='ocrx_word' id='word_1_181' title='bbox 558 2482 856 2535; x_wconf 67' lang='lat' dir='ltr'><strong>misererel</strong></span> <span class='ocrx_word' id='word_1_182' title='bbox 894 2481 1033 2534; x_wconf 88' lang='lat' dir='ltr'><strong>mori</strong></span> <span class='ocrx_word' id='word_1_183' title='bbox 1068 2497 1158 2534; x_wconf 88' lang='lat' dir='ltr'><strong>me</strong></span> <span class='ocrx_word' id='word_1_184' title='bbox 1197 2480 1434 2549; x_wconf 91' lang='lat' dir='ltr'><strong>denique</strong></span> <span class='ocrx_word' id='word_1_185' title='bbox 1473 2498 1649 2549; x_wconf 88' lang='lat' dir='ltr'><strong>coges.</strong></span> 
     </span>
    </p>

    <p class='ocr_par' dir='ltr' id='par_1_18' title="bbox 232 2555 1737 2625">
     <span class='ocr_line' id='line_1_30' title="bbox 232 2555 1737 2625; baseline 0.001 -16"><span class='ocrx_word' id='word_1_186' title='bbox 232 2555 279 2609; x_wconf 90' lang='lat' dir='ltr'>N</span> <span class='ocrx_word' id='word_1_187' title='bbox 285 2571 383 2607; x_wconf 90' lang='lat' dir='ltr'><strong>unc</strong></span> <span class='ocrx_word' id='word_1_188' title='bbox 417 2556 582 2608; x_wconf 88' lang='lat' dir='ltr'><strong>etiam</strong></span> <span class='ocrx_word' id='word_1_189' title='bbox 616 2556 855 2623; x_wconf 86' lang='lat' dir='ltr'><strong>pecudes</strong></span> <span class='ocrx_word' id='word_1_190' title='bbox 889 2557 1112 2610; x_wconf 89' lang='lat' dir='ltr'><strong>umbras</strong></span> <span class='ocrx_word' id='word_1_191' title='bbox 1149 2560 1207 2610; x_wconf 93' lang='lat' dir='ltr'><strong>et</strong></span> <span class='ocrx_word' id='word_1_192' title='bbox 1241 2556 1446 2625; x_wconf 85' lang='lat' dir='ltr'><strong>frigora</strong></span> <span class='ocrx_word' id='word_1_193' title='bbox 1480 2560 1737 2625; x_wconf 84' lang='lat' dir='ltr'><strong>captant3</strong></span> 
     </span>
    </p>

    <p class='ocr_par' dir='ltr' id='par_1_19' title="bbox 232 2630 1643 2700">
     <span class='ocr_line' id='line_1_31' title="bbox 232 2630 1643 2700; baseline 0 -15"><span class='ocrx_word' id='word_1_194' title='bbox 232 2632 279 2685; x_wconf 93' lang='lat' dir='ltr'>N</span> <span class='ocrx_word' id='word_1_195' title='bbox 284 2648 379 2685; x_wconf 89' lang='lat' dir='ltr'><strong>unc</strong></span> <span class='ocrx_word' id='word_1_196' title='bbox 411 2630 602 2683; x_wconf 81' lang='lat' dir='ltr'><strong>viridis</strong></span> <span class='ocrx_word' id='word_1_197' title='bbox 637 2632 802 2685; x_wconf 86' lang='lat' dir='ltr'><strong>etiam</strong></span> <span class='ocrx_word' id='word_1_198' title='bbox 838 2633 1112 2686; x_wconf 86' lang='lat' dir='ltr'><strong>occultant</strong></span> <span class='ocrx_word' id='word_1_199' title='bbox 1148 2632 1362 2700; x_wconf 89' lang='lat' dir='ltr'><strong>spineta</strong></span> <span class='ocrx_word' id='word_1_200' title='bbox 1394 2632 1643 2699; x_wconf 70' lang='lat' dir='ltr'><strong>lacet-toa,</strong></span> 
     </span>
    </p>

    <p class='ocr_par' dir='ltr' id='par_1_20' title="bbox 231 2705 1935 2776">
     <span class='ocr_line' id='line_1_32' title="bbox 231 2705 1935 2776; baseline -0.001 -14"><span class='ocrx_word' id='word_1_201' title='bbox 231 2706 489 2776; x_wconf 83' lang='lat' dir='ltr'><strong>Thestylis</strong></span> <span class='ocrx_word' id='word_1_202' title='bbox 525 2710 583 2761; x_wconf 90' lang='lat' dir='ltr'><strong>et</strong></span> <span class='ocrx_word' id='word_1_203' title='bbox 618 2705 810 2774; x_wconf 86' lang='lat' dir='ltr'><strong>rapido</strong></span> <span class='ocrx_word' id='word_1_204' title='bbox 844 2707 1001 2761; x_wconf 89' lang='lat' dir='ltr'><strong>fessis</strong></span> <span class='ocrx_word' id='word_1_205' title='bbox 1036 2706 1367 2762; x_wconf 84' lang='lat' dir='ltr'><strong>messoribus</strong></span> <span class='ocrx_word' id='word_1_206' title='bbox 1404 2711 1564 2761; x_wconf 88' lang='lat' dir='ltr'><strong>aestu</strong></span> <span class='ocrx_word' id='word_1_207' title='bbox 1884 2720 1935 2763; x_wconf 82' lang='lat' dir='ltr'><strong>lo</strong></span> 
     </span>
    </p>

    <p class='ocr_par' dir='ltr' id='par_1_21' title="bbox 233 2782 1611 2853">
     <span class='ocr_line' id='line_1_33' title="bbox 233 2782 1611 2853; baseline 0.001 -15"><span class='ocrx_word' id='word_1_208' title='bbox 233 2785 370 2839; x_wconf 87' lang='lat' dir='ltr'><strong>Allia</strong></span> <span class='ocrx_word' id='word_1_209' title='bbox 401 2783 804 2853; x_wconf 86' lang='lat' dir='ltr'><strong>serpyllumque</strong></span> <span class='ocrx_word' id='word_1_210' title='bbox 839 2783 1040 2836; x_wconf 90' lang='lat' dir='ltr'><strong>herbas</strong></span> <span class='ocrx_word' id='word_1_211' title='bbox 1075 2782 1363 2838; x_wconf 87' lang='lat' dir='ltr'><strong>contundit</strong></span> <span class='ocrx_word' id='word_1_212' title='bbox 1401 2784 1611 2839; x_wconf 80' lang='lat' dir='ltr'><strong>olentis.</strong></span> 
     </span>
    </p>

    <p class='ocr_par' dir='ltr' id='par_1_22' title="bbox 233 2857 1561 2929">
     <span class='ocr_line' id='line_1_34' title="bbox 233 2857 1561 2929; baseline -0.001 -15"><span class='ocrx_word' id='word_1_213' title='bbox 233 2863 307 2915; x_wconf 77' lang='lat' dir='ltr'><strong>At</strong></span> <span class='ocrx_word' id='word_1_214' title='bbox 339 2876 549 2915; x_wconf 87' lang='lat' dir='ltr'><strong>mecum</strong></span> <span class='ocrx_word' id='word_1_215' title='bbox 583 2860 776 2927; x_wconf 75' lang='lat' dir='ltr'><strong>rauciS,</strong></span> <span class='ocrx_word' id='word_1_216' title='bbox 803 2863 901 2913; x_wconf 90' lang='lat' dir='ltr'><strong>tua</strong></span> <span class='ocrx_word' id='word_1_217' title='bbox 935 2857 1070 2912; x_wconf 90' lang='lat' dir='ltr'><strong>dum</strong></span> <span class='ocrx_word' id='word_1_218' title='bbox 1105 2859 1337 2927; x_wconf 86' lang='lat' dir='ltr'><strong>vestigia</strong></span> <span class='ocrx_word' id='word_1_219' title='bbox 1371 2861 1561 2929; x_wconf 87' lang='lat' dir='ltr'><strong>lustr0‚</strong></span> 
     </span>
    </p>

    <p class='ocr_par' dir='ltr' id='par_1_23' title="bbox 233 2935 1590 2999">
     <span class='ocr_line' id='line_1_35' title="bbox 233 2935 1590 2999; baseline -0.002 -7"><span class='ocrx_word' id='word_1_220' title='bbox 233 2937 347 2992; x_wconf 83' lang='lat' dir='ltr'><strong>Sole</strong></span> <span class='ocrx_word' id='word_1_221' title='bbox 380 2936 480 2991; x_wconf 91' lang='lat' dir='ltr'><strong>sub</strong></span> <span class='ocrx_word' id='word_1_222' title='bbox 515 2935 734 2990; x_wconf 88' lang='lat' dir='ltr'><strong>ardenti</strong></span> <span class='ocrx_word' id='word_1_223' title='bbox 770 2939 1028 2990; x_wconf 89' lang='lat' dir='ltr'><strong>resonant</strong></span> <span class='ocrx_word' id='word_1_224' title='bbox 1062 2935 1289 2989; x_wconf 88' lang='lat' dir='ltr'><strong>arbusta</strong></span> <span class='ocrx_word' id='word_1_225' title='bbox 1324 2936 1590 2999; x_wconf 70' lang='lat' dir='ltr'><strong>cicadiss</strong></span> 
     </span>
    </p>

    <p class='ocr_par' dir='ltr' id='par_1_24' title="bbox 234 3012 1508 3080">
     <span class='ocr_line' id='line_1_36' title="bbox 234 3012 1508 3080; baseline -0.002 -13"><span class='ocrx_word' id='word_1_226' title='bbox 234 3013 412 3067; x_wconf 90' lang='lat' dir='ltr'><strong>Nonne</strong></span> <span class='ocrx_word' id='word_1_227' title='bbox 446 3013 553 3067; x_wconf 90' lang='lat' dir='ltr'><strong>fuit</strong></span> <span class='ocrx_word' id='word_1_228' title='bbox 587 3012 760 3067; x_wconf 87' lang='lat' dir='ltr'><strong>satius</strong></span> <span class='ocrx_word' id='word_1_229' title='bbox 794 3012 972 3068; x_wconf 86' lang='lat' dir='ltr'><strong>tristis</strong></span> <span class='ocrx_word' id='word_1_230' title='bbox 1011 3012 1364 3080; x_wconf 85' lang='lat' dir='ltr'><strong>Amaryllidis</strong></span> <span class='ocrx_word' id='word_1_231' title='bbox 1399 3014 1508 3065; x_wconf 83' lang='lat' dir='ltr'><strong>iras</strong></span> 
     </span>
    </p>

    <p class='ocr_par' dir='ltr' id='par_1_25' title="bbox 235 3087 1931 3159">
     <span class='ocr_line' id='line_1_37' title="bbox 235 3087 1931 3159; baseline -0.003 -15"><span class='ocrx_word' id='word_1_232' title='bbox 235 3090 406 3158; x_wconf 84' lang='lat' dir='ltr'><strong>Atque</strong></span> <span class='ocrx_word' id='word_1_233' title='bbox 441 3088 678 3159; x_wconf 89' lang='lat' dir='ltr'><strong>superba</strong></span> <span class='ocrx_word' id='word_1_234' title='bbox 712 3090 830 3159; x_wconf 87' lang='lat' dir='ltr'><strong>pati</strong></span> <span class='ocrx_word' id='word_1_235' title='bbox 863 3089 1121 3144; x_wconf 68' lang='lat' dir='ltr'><strong>fastidia?</strong></span> <span class='ocrx_word' id='word_1_236' title='bbox 1157 3104 1337 3142; x_wconf 91' lang='lat' dir='ltr'><strong>nonne</strong></span> <span class='ocrx_word' id='word_1_237' title='bbox 1374 3087 1679 3156; x_wconf 86' lang='lat' dir='ltr'><strong>Menalcan,</strong></span> <span class='ocrx_word' id='word_1_238' title='bbox 1880 3100 1931 3139; x_wconf 78' lang='grc' dir='ltr'><strong>ιε</strong></span> 
     </span>
    </p>

    <p class='ocr_par' dir='ltr' id='par_1_26' title="bbox 236 3163 1717 3237">
     <span class='ocr_line' id='line_1_38' title="bbox 236 3163 1717 3237; baseline -0.002 -17"><span class='ocrx_word' id='word_1_239' title='bbox 236 3166 476 3232; x_wconf 79' lang='lat' dir='ltr'><strong>Quamvis</strong></span> <span class='ocrx_word' id='word_1_240' title='bbox 507 3166 600 3220; x_wconf 92' lang='lat' dir='ltr'><strong>ille</strong></span> <span class='ocrx_word' id='word_1_241' title='bbox 636 3166 808 3237; x_wconf 86' lang='lat' dir='ltr'><strong>niger,</strong></span> <span class='ocrx_word' id='word_1_242' title='bbox 844 3167 1090 3235; x_wconf 78' lang='lat' dir='ltr'><strong>quamvis</strong></span> <span class='ocrx_word' id='word_1_243' title='bbox 1127 3177 1191 3221; x_wconf 82' lang='lat' dir='ltr'><strong>tu</strong></span> <span class='ocrx_word' id='word_1_244' title='bbox 1226 3163 1493 3219; x_wconf 86' lang='lat' dir='ltr'><strong>candidus</strong></span> <span class='ocrx_word' id='word_1_245' title='bbox 1528 3165 1717 3217; x_wconf 66' lang='lat' dir='ltr'><strong>esses?</strong></span> 
     </span>
    </p>
   </div>
  </div>
 </body>
</html>
