<?xml version="1.0" encoding="UTF-8"?>
<!DOCTYPE html PUBLIC "-//W3C//DTD XHTML 1.0 Transitional//EN"
    "http://www.w3.org/TR/xhtml1/DTD/xhtml1-transitional.dtd">
<html xmlns="http://www.w3.org/1999/xhtml" xml:lang="en" lang="en">
 <head>
  <title>
</title>
<meta http-equiv="Content-Type" content="text/html;charset=utf-8" />
  <meta name='ocr-system' content='tesseract 3.04.00' />
  <meta name='ocr-capabilities' content='ocr_page ocr_carea ocr_par ocr_line ocrx_word'/>
</head>
<body>
  <div class='ocr_page' id='page_1' title='image "./operaexrecensio04virggoog/operaexrecensio04virggoog_0315.png"; bbox 0 0 2163 3401; ppageno 0'>
   <div class='ocr_carea' id='block_1_1' title="bbox 778 96 2026 149">
    <p class='ocr_par' dir='ltr' id='par_1_1' title="bbox 778 96 2026 149">
     <span class='ocr_line' id='line_1_1' title="bbox 778 96 2026 149; baseline 0 -4"><span class='ocrx_word' id='word_1_1' title='bbox 778 96 1153 149; x_wconf 74' lang='lat' dir='ltr'><strong>AENEIDOS</strong></span> <span class='ocrx_word' id='word_1_2' title='bbox 1184 97 1328 147; x_wconf 84' lang='lat' dir='ltr'>LIB.</span> <span class='ocrx_word' id='word_1_3' title='bbox 1362 97 1467 147; x_wconf 88' lang='lat' dir='ltr'><strong>XI.</strong></span> <span class='ocrx_word' id='word_1_4' title='bbox 1891 99 2026 149; x_wconf 52' lang='lat'><strong>8012</strong></span> 
     </span>
    </p>
   </div>
   <div class='ocr_carea' id='block_1_2' title="bbox 269 176 1988 2529">
    <p class='ocr_par' dir='ltr' id='par_1_2' title="bbox 277 176 1547 247">
     <span class='ocr_line' id='line_1_2' title="bbox 277 176 1547 247; baseline -0.002 -12"><span class='ocrx_word' id='word_1_5' title='bbox 277 182 329 235; x_wconf 87' lang='lat' dir='ltr'>N</span> <span class='ocrx_word' id='word_1_6' title='bbox 332 198 405 235; x_wconf 91' lang='lat' dir='ltr'><strong>on</strong></span> <span class='ocrx_word' id='word_1_7' title='bbox 439 182 549 235; x_wconf 85' lang='lat' dir='ltr'><strong>erit</strong></span> <span class='ocrx_word' id='word_1_8' title='bbox 583 179 787 234; x_wconf 86' lang='lat' dir='ltr'><strong>auxilio</strong></span> <span class='ocrx_word' id='word_1_9' title='bbox 816 176 977 233; x_wconf 85' lang='lat' dir='ltr'><strong>nobis</strong></span> <span class='ocrx_word' id='word_1_10' title='bbox 1015 178 1249 233; x_wconf 83' lang='lat' dir='ltr'><strong>Aetolus</strong></span> <span class='ocrx_word' id='word_1_11' title='bbox 1283 182 1344 233; x_wconf 90' lang='lat' dir='ltr'><strong>et</strong></span> <span class='ocrx_word' id='word_1_12' title='bbox 1379 178 1547 247; x_wconf 83' lang='lat' dir='ltr'>Arpi:</span> 
     </span>
    </p>

    <p class='ocr_par' dir='ltr' id='par_1_3' title="bbox 276 254 1760 324">
     <span class='ocr_line' id='line_1_3' title="bbox 276 254 1760 324; baseline -0.002 -12"><span class='ocrx_word' id='word_1_13' title='bbox 276 259 363 312; x_wconf 89' lang='lat' dir='ltr'><strong>At</strong></span> <span class='ocrx_word' id='word_1_14' title='bbox 398 256 689 324; x_wconf 77' lang='lat' dir='ltr'>Messapus</span> <span class='ocrx_word' id='word_1_15' title='bbox 722 254 847 322; x_wconf 89' lang='lat' dir='ltr'><strong>erit,</strong></span> <span class='ocrx_word' id='word_1_16' title='bbox 878 254 1124 323; x_wconf 77' lang='lat' dir='ltr'><strong>felixque</strong></span> <span class='ocrx_word' id='word_1_17' title='bbox 1159 254 1491 321; x_wconf 78' lang='lat' dir='ltr'><strong>Tolumnius,</strong></span> <span class='ocrx_word' id='word_1_18' title='bbox 1529 255 1589 307; x_wconf 91' lang='lat' dir='ltr'><strong>et</strong></span> <span class='ocrx_word' id='word_1_19' title='bbox 1623 270 1760 323; x_wconf 86' lang='lat' dir='ltr'><strong>quos</strong></span> 
     </span>
    </p>

    <p class='ocr_par' dir='ltr' id='par_1_4' title="bbox 274 328 1988 472">
     <span class='ocr_line' id='line_1_4' title="bbox 274 328 1988 402; baseline -0.002 -16"><span class='ocrx_word' id='word_1_20' title='bbox 274 334 385 386; x_wconf 91' lang='lat' dir='ltr'><strong>Tot</strong></span> <span class='ocrx_word' id='word_1_21' title='bbox 418 332 604 402; x_wconf 86' lang='lat' dir='ltr'><strong>populi</strong></span> <span class='ocrx_word' id='word_1_22' title='bbox 637 330 837 384; x_wconf 89' lang='lat' dir='ltr'><strong>misere</strong></span> <span class='ocrx_word' id='word_1_23' title='bbox 872 328 1069 395; x_wconf 83' lang='lat' dir='ltr'><strong>duces;</strong></span> <span class='ocrx_word' id='word_1_24' title='bbox 1104 346 1206 383; x_wconf 90' lang='lat' dir='ltr'><strong>nec</strong></span> <span class='ocrx_word' id='word_1_25' title='bbox 1241 345 1412 397; x_wconf 86' lang='lat' dir='ltr'><strong>parva</strong></span> <span class='ocrx_word' id='word_1_26' title='bbox 1445 332 1706 396; x_wconf 89' lang='lat' dir='ltr'><strong>sequetur</strong></span> <span class='ocrx_word' id='word_1_27' title='bbox 1915 342 1988 383; x_wconf 74' lang='lat'><strong>4³0</strong></span> 
     </span>
     <span class='ocr_line' id='line_1_5' title="bbox 276 404 1636 472; baseline -0.004 -9"><span class='ocrx_word' id='word_1_28' title='bbox 276 408 465 463; x_wconf 86' lang='lat' dir='ltr'>Gloria</span> <span class='ocrx_word' id='word_1_29' title='bbox 500 407 740 460; x_wconf 90' lang='lat' dir='ltr'><strong>delectos</strong></span> <span class='ocrx_word' id='word_1_30' title='bbox 776 406 935 459; x_wconf 87' lang='lat' dir='ltr'><strong>Latio</strong></span> <span class='ocrx_word' id='word_1_31' title='bbox 971 410 1030 459; x_wconf 91' lang='lat' dir='ltr'><strong>et</strong></span> <span class='ocrx_word' id='word_1_32' title='bbox 1066 405 1436 459; x_wconf 78' lang='lat' dir='ltr'><strong>Laurentibus</strong></span> <span class='ocrx_word' id='word_1_33' title='bbox 1471 404 1636 472; x_wconf 83' lang='lat' dir='ltr'><strong>agris.</strong></span> 
     </span>
    </p>

    <p class='ocr_par' dir='ltr' id='par_1_5' title="bbox 275 480 1684 550">
     <span class='ocr_line' id='line_1_6' title="bbox 275 480 1684 550; baseline -0.003 -13"><span class='ocrx_word' id='word_1_34' title='bbox 275 484 381 537; x_wconf 83' lang='lat' dir='ltr'><strong>Est</strong></span> <span class='ocrx_word' id='word_1_35' title='bbox 410 486 473 537; x_wconf 79' lang='lat' dir='ltr'><strong>&#39;et</strong></span> <span class='ocrx_word' id='word_1_36' title='bbox 510 481 831 535; x_wconf 85' lang='lat' dir='ltr'><strong>Volscorum</strong></span> <span class='ocrx_word' id='word_1_37' title='bbox 868 482 1092 550; x_wconf 82' lang='lat' dir='ltr'><strong>egregia</strong></span> <span class='ocrx_word' id='word_1_38' title='bbox 1127 480 1198 535; x_wconf 87' lang='lat' dir='ltr'><strong>de</strong></span> <span class='ocrx_word' id='word_1_39' title='bbox 1234 485 1404 549; x_wconf 86' lang='lat' dir='ltr'><strong>gente</strong></span> <span class='ocrx_word' id='word_1_40' title='bbox 1441 480 1684 547; x_wconf 84' lang='lat' dir='ltr'><strong>Camilla,</strong></span> 
     </span>
    </p>

    <p class='ocr_par' dir='ltr' id='par_1_6' title="bbox 272 557 1984 853">
     <span class='ocr_line' id='line_1_7' title="bbox 278 557 1811 628; baseline -0.001 -14"><span class='ocrx_word' id='word_1_41' title='bbox 278 563 498 628; x_wconf 85' lang='lat' dir='ltr'><strong>Agmen</strong></span> <span class='ocrx_word' id='word_1_42' title='bbox 532 574 701 627; x_wconf 80' lang='lat' dir='ltr'><strong>agens</strong></span> <span class='ocrx_word' id='word_1_43' title='bbox 735 558 980 627; x_wconf 89' lang='lat' dir='ltr'><strong>equitum</strong></span> <span class='ocrx_word' id='word_1_44' title='bbox 1017 561 1077 611; x_wconf 92' lang='lat' dir='ltr'><strong>et</strong></span> <span class='ocrx_word' id='word_1_45' title='bbox 1111 557 1355 613; x_wconf 85' lang='lat' dir='ltr'><strong>florentis</strong></span> <span class='ocrx_word' id='word_1_46' title='bbox 1389 575 1517 612; x_wconf 86' lang='lat' dir='ltr'><strong>aere</strong></span> <span class='ocrx_word' id='word_1_47' title='bbox 1549 561 1811 613; x_wconf 79' lang='lat' dir='ltr'><strong>catervas.</strong></span> 
     </span>
     <span class='ocr_line' id='line_1_8' title="bbox 278 632 1788 702; baseline 0 -14"><span class='ocrx_word' id='word_1_48' title='bbox 278 635 441 699; x_wconf 86' lang='lat' dir='ltr'><strong>Quod</strong></span> <span class='ocrx_word' id='word_1_49' title='bbox 474 634 521 688; x_wconf 90' lang='lat' dir='ltr'><strong>si</strong></span> <span class='ocrx_word' id='word_1_50' title='bbox 557 651 645 689; x_wconf 90' lang='lat' dir='ltr'><strong>me</strong></span> <span class='ocrx_word' id='word_1_51' title='bbox 678 634 851 689; x_wconf 90' lang='lat' dir='ltr'><strong>solum</strong></span> <span class='ocrx_word' id='word_1_52' title='bbox 889 632 1084 687; x_wconf 81' lang='lat' dir='ltr'><strong>Teucri</strong></span> <span class='ocrx_word' id='word_1_53' title='bbox 1118 633 1174 686; x_wconf 89' lang='lat' dir='ltr'><strong>in</strong></span> <span class='ocrx_word' id='word_1_54' title='bbox 1210 634 1510 689; x_wconf 86' lang='lat' dir='ltr'><strong>certamina</strong></span> <span class='ocrx_word' id='word_1_55' title='bbox 1541 637 1788 702; x_wconf 88' lang='lat' dir='ltr'><strong>poscunt,</strong></span> 
     </span>
     <span class='ocr_line' id='line_1_9' title="bbox 276 709 1984 781; baseline -0.001 -16"><span class='ocrx_word' id='word_1_56' title='bbox 276 712 459 781; x_wconf 88' lang='lat' dir='ltr'><strong>quue</strong></span> <span class='ocrx_word' id='word_1_57' title='bbox 493 712 687 780; x_wconf 86' lang='lat' dir='ltr'><strong>placet,</strong></span> <span class='ocrx_word' id='word_1_58' title='bbox 722 714 1049 779; x_wconf 86' lang='lat' dir='ltr'><strong>tantumque</strong></span> <span class='ocrx_word' id='word_1_59' title='bbox 1084 709 1242 763; x_wconf 88' lang='lat' dir='ltr'><strong>bonis</strong></span> <span class='ocrx_word' id='word_1_60' title='bbox 1277 710 1656 765; x_wconf 89' lang='lat' dir='ltr'><strong>communibus</strong></span> <span class='ocrx_word' id='word_1_61' title='bbox 1688 710 1863 778; x_wconf 89' lang='lat' dir='ltr'><strong>obsto,</strong></span> <span class='ocrx_word' id='word_1_62' title='bbox 1911 724 1984 764; x_wconf 65' lang='lat' dir='ltr'><strong>m</strong></span> 
     </span>
     <span class='ocr_line' id='line_1_10' title="bbox 272 786 1610 853; baseline -0.001 -13"><span class='ocrx_word' id='word_1_63' title='bbox 272 788 404 841; x_wconf 80' lang='lat' dir='ltr'><strong>Non</strong></span> <span class='ocrx_word' id='word_1_64' title='bbox 438 788 577 841; x_wconf 85' lang='lat' dir='ltr'><strong>adeo</strong></span> <span class='ocrx_word' id='word_1_65' title='bbox 610 788 709 841; x_wconf 87' lang='lat' dir='ltr'><strong>has</strong></span> <span class='ocrx_word' id='word_1_66' title='bbox 744 803 909 841; x_wconf 88' lang='lat' dir='ltr'><strong>exosa</strong></span> <span class='ocrx_word' id='word_1_67' title='bbox 942 803 1138 841; x_wconf 82' lang='lat' dir='ltr'><strong>manus</strong></span> <span class='ocrx_word' id='word_1_68' title='bbox 1174 786 1420 840; x_wconf 86' lang='lat' dir='ltr'><strong>Victoria</strong></span> <span class='ocrx_word' id='word_1_69' title='bbox 1453 786 1610 853; x_wconf 75' lang='lat' dir='ltr'><strong>fug1t‚</strong></span> 
     </span>
    </p>

    <p class='ocr_par' dir='ltr' id='par_1_7' title="bbox 272 864 1757 932">
     <span class='ocr_line' id='line_1_11' title="bbox 272 864 1757 932; baseline -0.003 -15"><span class='ocrx_word' id='word_1_70' title='bbox 272 864 357 917; x_wconf 88' lang='lat' dir='ltr'><strong>Ut</strong></span> <span class='ocrx_word' id='word_1_71' title='bbox 394 867 553 917; x_wconf 87' lang='lat' dir='ltr'><strong>tanta</strong></span> <span class='ocrx_word' id='word_1_72' title='bbox 588 864 877 932; x_wconf 81' lang='lat' dir='ltr'><strong>quicquam</strong></span> <span class='ocrx_word' id='word_1_73' title='bbox 914 880 1014 931; x_wconf 91' lang='lat' dir='ltr'><strong>pro</strong></span> <span class='ocrx_word' id='word_1_74' title='bbox 1051 880 1150 931; x_wconf 88' lang='lat' dir='ltr'><strong>spe</strong></span> <span class='ocrx_word' id='word_1_75' title='bbox 1183 866 1460 931; x_wconf 86' lang='lat' dir='ltr'><strong>temptare</strong></span> <span class='ocrx_word' id='word_1_76' title='bbox 1495 878 1757 915; x_wconf 80' lang='lat' dir='ltr'><strong>recusem.</strong></span> 
     </span>
    </p>

    <p class='ocr_par' dir='ltr' id='par_1_8' title="bbox 273 936 1843 1084">
     <span class='ocr_line' id='line_1_12' title="bbox 275 936 1843 1006; baseline -0.001 -14"><span class='ocrx_word' id='word_1_77' title='bbox 275 938 381 992; x_wconf 92' lang='lat' dir='ltr'><strong>Ibo</strong></span> <span class='ocrx_word' id='word_1_78' title='bbox 418 938 611 991; x_wconf 86' lang='lat' dir='ltr'><strong>animis</strong></span> <span class='ocrx_word' id='word_1_79' title='bbox 645 943 849 1006; x_wconf 86' lang='lat' dir='ltr'><strong>contra,</strong></span> <span class='ocrx_word' id='word_1_80' title='bbox 884 939 972 993; x_wconf 82' lang='lat' dir='ltr'><strong>vel</strong></span> <span class='ocrx_word' id='word_1_81' title='bbox 1007 954 1266 1006; x_wconf 85' lang='lat' dir='ltr'><strong>magnum</strong></span> <span class='ocrx_word' id='word_1_82' title='bbox 1303 940 1550 1006; x_wconf 86' lang='lat' dir='ltr'><strong>praestet</strong></span> <span class='ocrx_word' id='word_1_83' title='bbox 1588 936 1843 990; x_wconf 87' lang='lat' dir='ltr'><strong>Achillen</strong></span> 
     </span>
     <span class='ocr_line' id='line_1_13' title="bbox 273 1013 1706 1084; baseline -0.002 -17"><span class='ocrx_word' id='word_1_84' title='bbox 273 1014 557 1083; x_wconf 74' lang='lat' dir='ltr'><strong>Factaque</strong></span> <span class='ocrx_word' id='word_1_85' title='bbox 592 1014 819 1069; x_wconf 79' lang='lat' dir='ltr'><strong>Volcani</strong></span> <span class='ocrx_word' id='word_1_86' title='bbox 854 1015 1105 1069; x_wconf 86' lang='lat' dir='ltr'><strong>manibus</strong></span> <span class='ocrx_word' id='word_1_87' title='bbox 1139 1014 1306 1084; x_wconf 61' lang='lat' dir='ltr'><strong>paria,</strong></span> <span class='ocrx_word' id='word_1_88' title='bbox 1328 1013 1521 1066; x_wconf 88' lang='lat' dir='ltr'><strong>induat</strong></span> <span class='ocrx_word' id='word_1_89' title='bbox 1553 1028 1706 1065; x_wconf 87' lang='lat' dir='ltr'><strong>arma</strong></span> 
     </span>
    </p>

    <p class='ocr_par' dir='ltr' id='par_1_9' title="bbox 272 1088 1984 1305">
     <span class='ocr_line' id='line_1_14' title="bbox 273 1088 1984 1158; baseline -0.001 -16"><span class='ocrx_word' id='word_1_90' title='bbox 273 1089 382 1143; x_wconf 92' lang='lat' dir='ltr'><strong>Ille</strong></span> <span class='ocrx_word' id='word_1_91' title='bbox 416 1090 565 1145; x_wconf 87' lang='lat' dir='ltr'><strong>licet.</strong></span> <span class='ocrx_word' id='word_1_92' title='bbox 635 1091 807 1146; x_wconf 83' lang='lat' dir='ltr'><strong>Vobis</strong></span> <span class='ocrx_word' id='word_1_93' title='bbox 844 1092 1079 1146; x_wconf 85' lang='lat' dir='ltr'><strong>animam</strong></span> <span class='ocrx_word' id='word_1_94' title='bbox 1115 1091 1254 1143; x_wconf 87' lang='lat' dir='ltr'><strong>hano</strong></span> <span class='ocrx_word' id='word_1_95' title='bbox 1293 1106 1585 1158; x_wconf 83' lang='lat' dir='ltr'><strong>soceroque</strong></span> <span class='ocrx_word' id='word_1_96' title='bbox 1626 1088 1822 1142; x_wconf 88' lang='lat' dir='ltr'><strong>Latino</strong></span> <span class='ocrx_word' id='word_1_97' title='bbox 1911 1102 1984 1139; x_wconf 76' lang='lat'><strong>440</strong></span> 
     </span>
     <span class='ocr_line' id='line_1_15' title="bbox 272 1164 1808 1235; baseline -0.002 -16"><span class='ocrx_word' id='word_1_98' title='bbox 272 1166 493 1219; x_wconf 88' lang='lat' dir='ltr'><strong>Turnus</strong></span> <span class='ocrx_word' id='word_1_99' title='bbox 527 1184 646 1235; x_wconf 83' lang='lat' dir='ltr'><strong>eg0,</strong></span> <span class='ocrx_word' id='word_1_100' title='bbox 679 1168 825 1222; x_wconf 86' lang='lat' dir='ltr'><strong>haud</strong></span> <span class='ocrx_word' id='word_1_101' title='bbox 861 1168 957 1222; x_wconf 90' lang='lat' dir='ltr'><strong>ulli</strong></span> <span class='ocrx_word' id='word_1_102' title='bbox 995 1172 1243 1221; x_wconf 86' lang='lat' dir='ltr'><strong>veterum</strong></span> <span class='ocrx_word' id='word_1_103' title='bbox 1280 1166 1485 1221; x_wconf 86' lang='lat' dir='ltr'><strong>virtute</strong></span> <span class='ocrx_word' id='word_1_104' title='bbox 1521 1164 1808 1232; x_wconf 89' lang='lat' dir='ltr'><strong>secundus,</strong></span> 
     </span>
     <span class='ocr_line' id='line_1_16' title="bbox 272 1242 1786 1305; baseline -0.001 -10"><span class='ocrx_word' id='word_1_105' title='bbox 272 1242 495 1296; x_wconf 79' lang='lat' dir='ltr'><strong>Devovi.</strong></span> <span class='ocrx_word' id='word_1_106' title='bbox 568 1244 597 1269; x_wconf 91' lang='lat'>“</span> <span class='ocrx_word' id='word_1_107' title='bbox 610 1243 793 1297; x_wconf 86' lang='lat' dir='ltr'><strong>Solum</strong></span> <span class='ocrx_word' id='word_1_108' title='bbox 833 1244 1051 1298; x_wconf 81' lang='lat' dir='ltr'><strong>Aeneas</strong></span> <span class='ocrx_word' id='word_1_109' title='bbox 1086 1242 1284 1296; x_wconf 81' lang='lat' dir='ltr'><strong>vocat.&#39;’</strong></span> <span class='ocrx_word' id='word_1_110' title='bbox 1357 1242 1431 1297; x_wconf 84' lang='lat' dir='ltr'><strong>Et</strong></span> <span class='ocrx_word' id='word_1_111' title='bbox 1468 1245 1624 1297; x_wconf 82' lang='lat' dir='ltr'><strong>vocet</strong></span> <span class='ocrx_word' id='word_1_112' title='bbox 1659 1256 1786 1305; x_wconf 89' lang='lat' dir='ltr'><strong>or0;</strong></span> 
     </span>
    </p>

    <p class='ocr_par' dir='ltr' id='par_1_10' title="bbox 271 1317 1750 1389">
     <span class='ocr_line' id='line_1_17' title="bbox 271 1317 1750 1389; baseline -0.001 -18"><span class='ocrx_word' id='word_1_113' title='bbox 271 1318 327 1371; x_wconf 88' lang='lat' dir='ltr'>N</span> <span class='ocrx_word' id='word_1_114' title='bbox 330 1335 395 1371; x_wconf 91' lang='lat' dir='ltr'><strong>ec</strong></span> <span class='ocrx_word' id='word_1_115' title='bbox 433 1317 674 1372; x_wconf 86' lang='lat' dir='ltr'><strong>Drances</strong></span> <span class='ocrx_word' id='word_1_116' title='bbox 709 1318 906 1389; x_wconf 88' lang='lat' dir='ltr'><strong>potius,</strong></span> <span class='ocrx_word' id='word_1_117' title='bbox 944 1320 1057 1373; x_wconf 85' lang='lat' dir='ltr'><strong>sive</strong></span> <span class='ocrx_word' id='word_1_118' title='bbox 1095 1321 1182 1372; x_wconf 87' lang='lat' dir='ltr'><strong>est</strong></span> <span class='ocrx_word' id='word_1_119' title='bbox 1215 1318 1352 1371; x_wconf 86' lang='lat' dir='ltr'><strong>haec</strong></span> <span class='ocrx_word' id='word_1_120' title='bbox 1385 1319 1468 1371; x_wconf 88' lang='lat' dir='ltr'><strong>ira</strong></span> <span class='ocrx_word' id='word_1_121' title='bbox 1503 1318 1750 1383; x_wconf 90' lang='lat' dir='ltr'><strong>deorum,</strong></span> 
     </span>
    </p>

    <p class='ocr_par' dir='ltr' id='par_1_11' title="bbox 271 1393 1644 1463">
     <span class='ocr_line' id='line_1_18' title="bbox 271 1393 1644 1463; baseline 0.001 -16"><span class='ocrx_word' id='word_1_122' title='bbox 271 1394 459 1447; x_wconf 88' lang='lat' dir='ltr'><strong>Morte</strong></span> <span class='ocrx_word' id='word_1_123' title='bbox 495 1394 625 1463; x_wconf 84' lang='lat' dir='ltr'><strong>luat,</strong></span> <span class='ocrx_word' id='word_1_124' title='bbox 663 1396 778 1450; x_wconf 80' lang='lat' dir='ltr'><strong>sive</strong></span> <span class='ocrx_word' id='word_1_125' title='bbox 814 1399 902 1451; x_wconf 87' lang='lat' dir='ltr'><strong>est</strong></span> <span class='ocrx_word' id='word_1_126' title='bbox 936 1395 1112 1449; x_wconf 85' lang='lat' dir='ltr'><strong>virtus</strong></span> <span class='ocrx_word' id='word_1_127' title='bbox 1149 1398 1207 1449; x_wconf 89' lang='lat' dir='ltr'><strong>et</strong></span> <span class='ocrx_word' id='word_1_128' title='bbox 1240 1394 1432 1462; x_wconf 85' lang='lat' dir='ltr'><strong>gloria,</strong></span> <span class='ocrx_word' id='word_1_129' title='bbox 1470 1393 1644 1448; x_wconf 88' lang='lat' dir='ltr'><strong>tollat.</strong></span> 
     </span>
    </p>

    <p class='ocr_par' dir='ltr' id='par_1_12' title="bbox 269 1469 1984 2529">
     <span class='ocr_line' id='line_1_19' title="bbox 342 1469 1984 1537; baseline -0.002 -13"><span class='ocrx_word' id='word_1_130' title='bbox 342 1470 436 1524; x_wconf 89' lang='lat' dir='ltr'><strong>Illi</strong></span> <span class='ocrx_word' id='word_1_131' title='bbox 473 1472 609 1525; x_wconf 89' lang='lat' dir='ltr'><strong>haec</strong></span> <span class='ocrx_word' id='word_1_132' title='bbox 642 1471 788 1525; x_wconf 90' lang='lat' dir='ltr'><strong>inter</strong></span> <span class='ocrx_word' id='word_1_133' title='bbox 823 1488 883 1525; x_wconf 83' lang='lat' dir='ltr'><strong>se</strong></span> <span class='ocrx_word' id='word_1_134' title='bbox 918 1471 1102 1525; x_wconf 87' lang='lat' dir='ltr'><strong>dubiis</strong></span> <span class='ocrx_word' id='word_1_135' title='bbox 1139 1471 1210 1524; x_wconf 88' lang='lat' dir='ltr'><strong>de</strong></span> <span class='ocrx_word' id='word_1_136' title='bbox 1244 1470 1409 1525; x_wconf 87' lang='lat' dir='ltr'><strong>rebus</strong></span> <span class='ocrx_word' id='word_1_137' title='bbox 1445 1469 1684 1537; x_wconf 85' lang='lat' dir='ltr'><strong>agebant</strong></span> <span class='ocrx_word' id='word_1_138' title='bbox 1911 1480 1984 1520; x_wconf 75' lang='lat'><strong>445</strong></span> 
     </span>
     <span class='ocr_line' id='line_1_20' title="bbox 273 1546 1700 1615; baseline -0.001 -14"><span class='ocrx_word' id='word_1_139' title='bbox 273 1548 597 1602; x_wconf 81' lang='lat' dir='ltr'><strong>Certantes:</strong></span> <span class='ocrx_word' id='word_1_140' title='bbox 646 1552 830 1603; x_wconf 87' lang='lat' dir='ltr'><strong>castra</strong></span> <span class='ocrx_word' id='word_1_141' title='bbox 864 1550 1084 1601; x_wconf 78' lang='lat' dir='ltr'><strong>Aeneas</strong></span> <span class='ocrx_word' id='word_1_142' title='bbox 1120 1548 1400 1615; x_wconf 78' lang='lat' dir='ltr'><strong>aciemque</strong></span> <span class='ocrx_word' id='word_1_143' title='bbox 1433 1546 1700 1600; x_wconf 80' lang='lat' dir='ltr'><strong>movebat.</strong></span> 
     </span>
     <span class='ocr_line' id='line_1_21' title="bbox 269 1622 1542 1691; baseline 0 -16"><span class='ocrx_word' id='word_1_144' title='bbox 269 1622 517 1677; x_wconf 81' lang='lat' dir='ltr'><strong>Nuntius</strong></span> <span class='ocrx_word' id='word_1_145' title='bbox 551 1623 761 1691; x_wconf 87' lang='lat' dir='ltr'><strong>ingenti</strong></span> <span class='ocrx_word' id='word_1_146' title='bbox 794 1640 894 1691; x_wconf 90' lang='lat' dir='ltr'><strong>per</strong></span> <span class='ocrx_word' id='word_1_147' title='bbox 929 1623 1084 1691; x_wconf 83' lang='lat' dir='ltr'><strong>regia</strong></span> <span class='ocrx_word' id='word_1_148' title='bbox 1118 1625 1266 1675; x_wconf 86' lang='lat' dir='ltr'><strong>tecta</strong></span> <span class='ocrx_word' id='word_1_149' title='bbox 1299 1622 1542 1676; x_wconf 88' lang='lat' dir='ltr'><strong>tumultu</strong></span> 
     </span>
     <span class='ocr_line' id='line_1_22' title="bbox 270 1696 1730 1770; baseline 0.001 -17"><span class='ocrx_word' id='word_1_150' title='bbox 270 1696 413 1753; x_wconf 82' lang='lat' dir='ltr'><strong>Ecce</strong></span> <span class='ocrx_word' id='word_1_151' title='bbox 450 1700 577 1766; x_wconf 88' lang='lat' dir='ltr'><strong>ruit,</strong></span> <span class='ocrx_word' id='word_1_152' title='bbox 614 1700 931 1770; x_wconf 84' lang='lat' dir='ltr'><strong>magnisque</strong></span> <span class='ocrx_word' id='word_1_153' title='bbox 966 1699 1162 1754; x_wconf 89' lang='lat' dir='ltr'><strong>urbem</strong></span> <span class='ocrx_word' id='word_1_154' title='bbox 1195 1698 1498 1754; x_wconf 88' lang='lat' dir='ltr'><strong>terroribus</strong></span> <span class='ocrx_word' id='word_1_155' title='bbox 1533 1698 1730 1768; x_wconf 80' lang='lat' dir='ltr'><strong>inplet:</strong></span> 
     </span>
     <span class='ocr_line' id='line_1_23' title="bbox 270 1775 1622 1833; baseline -0.001 -4"><span class='ocrx_word' id='word_1_156' title='bbox 270 1775 584 1830; x_wconf 83' lang='lat' dir='ltr'><strong>Instructos</strong></span> <span class='ocrx_word' id='word_1_157' title='bbox 618 1778 735 1831; x_wconf 88' lang='lat' dir='ltr'><strong>acie</strong></span> <span class='ocrx_word' id='word_1_158' title='bbox 771 1777 1023 1831; x_wconf 88' lang='lat' dir='ltr'><strong>Tiberino</strong></span> <span class='ocrx_word' id='word_1_159' title='bbox 1057 1794 1094 1831; x_wconf 89' lang='lat' dir='ltr'><strong>a</strong></span> <span class='ocrx_word' id='word_1_160' title='bbox 1126 1776 1350 1833; x_wconf 90' lang='lat' dir='ltr'><strong>flumine</strong></span> <span class='ocrx_word' id='word_1_161' title='bbox 1386 1776 1622 1831; x_wconf 85' lang='lat' dir='ltr'><strong>Teucros</strong></span> 
     </span>
     <span class='ocr_line' id='line_1_24' title="bbox 270 1851 1980 1922; baseline 0 -17"><span class='ocrx_word' id='word_1_162' title='bbox 270 1851 717 1922; x_wconf 78' lang='lat' dir='ltr'><strong>Tyrrhenamque</strong></span> <span class='ocrx_word' id='word_1_163' title='bbox 754 1869 973 1906; x_wconf 85' lang='lat' dir='ltr'><strong>manum</strong></span> <span class='ocrx_word' id='word_1_164' title='bbox 1007 1853 1144 1908; x_wconf 89' lang='lat' dir='ltr'><strong>totis</strong></span> <span class='ocrx_word' id='word_1_165' title='bbox 1180 1853 1516 1909; x_wconf 87' lang='lat' dir='ltr'><strong>descendere</strong></span> <span class='ocrx_word' id='word_1_166' title='bbox 1549 1851 1767 1921; x_wconf 87' lang='lat' dir='ltr'><strong>campis.</strong></span> <span class='ocrx_word' id='word_1_167' title='bbox 1908 1865 1980 1906; x_wconf 55' lang='grc' dir='ltr'><strong>κο</strong></span> 
     </span>
     <span class='ocr_line' id='line_1_25' title="bbox 272 1929 1596 1998; baseline 0.002 -17"><span class='ocrx_word' id='word_1_168' title='bbox 272 1929 567 1998; x_wconf 83' lang='lat' dir='ltr'><strong>Extemplo</strong></span> <span class='ocrx_word' id='word_1_169' title='bbox 603 1929 811 1983; x_wconf 86' lang='lat' dir='ltr'><strong>turbati</strong></span> <span class='ocrx_word' id='word_1_170' title='bbox 846 1929 1014 1983; x_wconf 86' lang='lat' dir='ltr'><strong>animi</strong></span> <span class='ocrx_word' id='word_1_171' title='bbox 1048 1946 1418 1998; x_wconf 74' lang='lat' dir='ltr'><strong>concussaque</strong></span> <span class='ocrx_word' id='word_1_172' title='bbox 1453 1930 1596 1998; x_wconf 86' lang='lat' dir='ltr'><strong>volgi</strong></span> 
     </span>
     <span class='ocr_line' id='line_1_26' title="bbox 272 2003 1809 2072; baseline 0.002 -16"><span class='ocrx_word' id='word_1_173' title='bbox 272 2003 519 2072; x_wconf 85' lang='lat' dir='ltr'><strong>Pectora,</strong></span> <span class='ocrx_word' id='word_1_174' title='bbox 558 2008 615 2058; x_wconf 92' lang='lat' dir='ltr'><strong>et</strong></span> <span class='ocrx_word' id='word_1_175' title='bbox 648 2009 897 2060; x_wconf 83' lang='lat' dir='ltr'><strong>arrectae</strong></span> <span class='ocrx_word' id='word_1_176' title='bbox 934 2004 1172 2059; x_wconf 87' lang='lat' dir='ltr'><strong>stimulis</strong></span> <span class='ocrx_word' id='word_1_177' title='bbox 1207 2005 1355 2058; x_wconf 88' lang='lat' dir='ltr'><strong>haud</strong></span> <span class='ocrx_word' id='word_1_178' title='bbox 1392 2006 1644 2059; x_wconf 87' lang='lat' dir='ltr'><strong>mollibus</strong></span> <span class='ocrx_word' id='word_1_179' title='bbox 1680 2005 1809 2059; x_wconf 82' lang='lat' dir='ltr'><strong>irae.</strong></span> 
     </span>
     <span class='ocr_line' id='line_1_27' title="bbox 274 2081 1895 2150; baseline 0.001 -17"><span class='ocrx_word' id='word_1_180' title='bbox 274 2081 449 2133; x_wconf 85' lang='lat' dir='ltr'><strong>Arma</strong></span> <span class='ocrx_word' id='word_1_181' title='bbox 481 2097 645 2134; x_wconf 86' lang='lat' dir='ltr'><strong>manu</strong></span> <span class='ocrx_word' id='word_1_182' title='bbox 681 2081 887 2150; x_wconf 85' lang='lat' dir='ltr'><strong>trepidi</strong></span> <span class='ocrx_word' id='word_1_183' title='bbox 922 2084 1184 2150; x_wconf 88' lang='lat' dir='ltr'><strong>poscunt;</strong></span> <span class='ocrx_word' id='word_1_184' title='bbox 1220 2081 1408 2134; x_wconf 87' lang='lat' dir='ltr'><strong>fremit</strong></span> <span class='ocrx_word' id='word_1_185' title='bbox 1443 2097 1594 2135; x_wconf 84' lang='lat' dir='ltr'><strong>arma</strong></span> <span class='ocrx_word' id='word_1_186' title='bbox 1627 2081 1895 2148; x_wconf 74' lang='lat' dir='ltr'><strong>iuventuS,</strong></span> 
     </span>
     <span class='ocr_line' id='line_1_28' title="bbox 270 2154 1976 2226; baseline 0.001 -18"><span class='ocrx_word' id='word_1_187' title='bbox 270 2154 434 2209; x_wconf 79' lang='lat' dir='ltr'><strong>Flent</strong></span> <span class='ocrx_word' id='word_1_188' title='bbox 469 2157 665 2211; x_wconf 87' lang='lat' dir='ltr'><strong>maesti</strong></span> <span class='ocrx_word' id='word_1_189' title='bbox 700 2161 1057 2226; x_wconf 85' lang='lat' dir='ltr'><strong>mussantque</strong></span> <span class='ocrx_word' id='word_1_190' title='bbox 1088 2161 1288 2225; x_wconf 86' lang='lat' dir='ltr'><strong>patres.</strong></span> <span class='ocrx_word' id='word_1_191' title='bbox 1364 2155 1474 2210; x_wconf 90' lang='lat' dir='ltr'><strong>Hic</strong></span> <span class='ocrx_word' id='word_1_192' title='bbox 1504 2155 1746 2224; x_wconf 88' lang='lat' dir='ltr'><strong>undique</strong></span> <span class='ocrx_word' id='word_1_193' title='bbox 1774 2155 1976 2210; x_wconf 81' lang='lat' dir='ltr'><strong>clamor</strong></span> 
     </span>
     <span class='ocr_line' id='line_1_29' title="bbox 276 2231 1975 2301; baseline 0.002 -18"><span class='ocrx_word' id='word_1_194' title='bbox 276 2231 544 2286; x_wconf 88' lang='lat' dir='ltr'><strong>Dissensu</strong></span> <span class='ocrx_word' id='word_1_195' title='bbox 578 2233 726 2286; x_wconf 82' lang='lat' dir='ltr'><strong>vario</strong></span> <span class='ocrx_word' id='word_1_196' title='bbox 759 2249 990 2301; x_wconf 86' lang='lat' dir='ltr'><strong>magnus</strong></span> <span class='ocrx_word' id='word_1_197' title='bbox 1026 2251 1086 2286; x_wconf 88' lang='lat' dir='ltr'><strong>sc</strong></span> <span class='ocrx_word' id='word_1_198' title='bbox 1120 2233 1267 2286; x_wconf 90' lang='lat' dir='ltr'><strong>tollit</strong></span> <span class='ocrx_word' id='word_1_199' title='bbox 1303 2231 1376 2286; x_wconf 87' lang='lat' dir='ltr'><strong>ad</strong></span> <span class='ocrx_word' id='word_1_200' title='bbox 1412 2247 1599 2285; x_wconf 85' lang='lat' dir='ltr'><strong>auras:</strong></span> <span class='ocrx_word' id='word_1_201' title='bbox 1901 2249 1975 2286; x_wconf 78' lang='lat'><strong>455</strong></span> 
     </span>
     <span class='ocr_line' id='line_1_30' title="bbox 276 2307 1870 2377; baseline 0.001 -17"><span class='ocrx_word' id='word_1_202' title='bbox 276 2307 445 2360; x_wconf 84' lang='lat' dir='ltr'><strong>Haud</strong></span> <span class='ocrx_word' id='word_1_203' title='bbox 482 2324 637 2361; x_wconf 88' lang='lat' dir='ltr'><strong>secus</strong></span> <span class='ocrx_word' id='word_1_204' title='bbox 674 2312 841 2377; x_wconf 87' lang='lat' dir='ltr'><strong>atque</strong></span> <span class='ocrx_word' id='word_1_205' title='bbox 883 2309 995 2362; x_wconf 91' lang='lat' dir='ltr'><strong>alto</strong></span> <span class='ocrx_word' id='word_1_206' title='bbox 1029 2310 1088 2361; x_wconf 85' lang='lat' dir='ltr'><strong>iu</strong></span> <span class='ocrx_word' id='word_1_207' title='bbox 1124 2309 1245 2362; x_wconf 90' lang='lat' dir='ltr'><strong>luco</strong></span> <span class='ocrx_word' id='word_1_208' title='bbox 1281 2323 1406 2360; x_wconf 89' lang='lat' dir='ltr'><strong>cum</strong></span> <span class='ocrx_word' id='word_1_209' title='bbox 1440 2307 1584 2360; x_wconf 84' lang='lat' dir='ltr'><strong>forte</strong></span> <span class='ocrx_word' id='word_1_210' title='bbox 1618 2309 1870 2362; x_wconf 82' lang='lat' dir='ltr'><strong>catervae</strong></span> 
     </span>
     <span class='ocr_line' id='line_1_31' title="bbox 275 2382 1626 2452; baseline 0.001 -17"><span class='ocrx_word' id='word_1_211' title='bbox 275 2382 589 2436; x_wconf 83' lang='lat' dir='ltr'><strong>Consedere</strong></span> <span class='ocrx_word' id='word_1_212' title='bbox 624 2383 822 2452; x_wconf 85' lang='lat' dir='ltr'><strong>avium,</strong></span> <span class='ocrx_word' id='word_1_213' title='bbox 859 2385 1139 2452; x_wconf 82' lang='lat' dir='ltr'><strong>piscosove</strong></span> <span class='ocrx_word' id='word_1_214' title='bbox 1175 2399 1334 2438; x_wconf 88' lang='lat' dir='ltr'><strong>amne</strong></span> <span class='ocrx_word' id='word_1_215' title='bbox 1374 2383 1626 2437; x_wconf 85' lang='lat' dir='ltr'><strong>Padusae</strong></span> 
     </span>
     <span class='ocr_line' id='line_1_32' title="bbox 272 2457 1816 2529; baseline -0.003 -13"><span class='ocrx_word' id='word_1_216' title='bbox 272 2457 416 2516; x_wconf 86' lang='lat' dir='ltr'><strong>Dant</strong></span> <span class='ocrx_word' id='word_1_217' title='bbox 452 2459 690 2513; x_wconf 87' lang='lat' dir='ltr'><strong>sonitum</strong></span> <span class='ocrx_word' id='word_1_218' title='bbox 724 2461 875 2514; x_wconf 88' lang='lat' dir='ltr'><strong>rauci</strong></span> <span class='ocrx_word' id='word_1_219' title='bbox 910 2477 1011 2529; x_wconf 86' lang='lat' dir='ltr'><strong>per</strong></span> <span class='ocrx_word' id='word_1_220' title='bbox 1047 2463 1240 2529; x_wconf 88' lang='lat' dir='ltr'><strong>stagna</strong></span> <span class='ocrx_word' id='word_1_221' title='bbox 1274 2459 1520 2527; x_wconf 87' lang='lat' dir='ltr'><strong>loquacia</strong></span> <span class='ocrx_word' id='word_1_222' title='bbox 1554 2458 1716 2526; x_wconf 86' lang='lat' dir='ltr'><strong>cycni.</strong></span> <span class='ocrx_word' id='word_1_223' title='bbox 1803 2497 1816 2528; x_wconf 69' lang='lat' dir='ltr'><strong>s</strong></span> 
     </span>
    </p>
   </div>
   <div class='ocr_carea' id='block_1_3' title="bbox 190 2535 1661 2605">
    <p class='ocr_par' dir='ltr' id='par_1_13' title="bbox 190 2535 1661 2605">
     <span class='ocr_line' id='line_1_33' title="bbox 190 2535 1661 2605; baseline 0.001 -19"><span class='ocrx_word' id='word_1_224' title='bbox 190 2547 199 2554; x_wconf 77' lang='grc'><em>·</em></span> <span class='ocrx_word' id='word_1_225' title='bbox 269 2535 463 2603; x_wconf 85' lang='lat' dir='ltr'><strong>Imm0,</strong></span> <span class='ocrx_word' id='word_1_226' title='bbox 496 2536 589 2604; x_wconf 89' lang='lat' dir='ltr'><strong>ait,</strong></span> <span class='ocrx_word' id='word_1_227' title='bbox 624 2552 657 2589; x_wconf 94' lang='lat' dir='ltr'><strong>o</strong></span> <span class='ocrx_word' id='word_1_228' title='bbox 693 2536 853 2604; x_wconf 86' lang='lat' dir='ltr'><strong>cives,</strong></span> <span class='ocrx_word' id='word_1_229' title='bbox 891 2540 1112 2605; x_wconf 87' lang='lat' dir='ltr'><strong>arrepto</strong></span> <span class='ocrx_word' id='word_1_230' title='bbox 1147 2540 1396 2605; x_wconf 85' lang='lat' dir='ltr'><strong>tempore</strong></span> <span class='ocrx_word' id='word_1_231' title='bbox 1432 2535 1661 2601; x_wconf 89' lang='lat' dir='ltr'><strong>Turnus,</strong></span> 
     </span>
    </p>
   </div>
   <div class='ocr_carea' id='block_1_4' title="bbox 264 2609 1974 3206">
    <p class='ocr_par' dir='ltr' id='par_1_14' title="bbox 268 2609 1974 2830">
     <span class='ocr_line' id='line_1_34' title="bbox 269 2609 1974 2681; baseline 0.001 -17"><span class='ocrx_word' id='word_1_232' title='bbox 269 2609 462 2678; x_wconf 83' lang='lat' dir='ltr'><strong>Cogite</strong></span> <span class='ocrx_word' id='word_1_233' title='bbox 498 2612 799 2680; x_wconf 88' lang='lat' dir='ltr'><strong>concilium,</strong></span> <span class='ocrx_word' id='word_1_234' title='bbox 836 2616 895 2666; x_wconf 88' lang='lat' dir='ltr'><strong>ct</strong></span> <span class='ocrx_word' id='word_1_235' title='bbox 929 2628 1117 2681; x_wconf 77' lang='lat' dir='ltr'><strong>pacem</strong></span> <span class='ocrx_word' id='word_1_236' title='bbox 1152 2612 1376 2666; x_wconf 88' lang='lat' dir='ltr'><strong>laudate</strong></span> <span class='ocrx_word' id='word_1_237' title='bbox 1413 2611 1692 2665; x_wconf 89' lang='lat' dir='ltr'><strong>sedentes:</strong></span> <span class='ocrx_word' id='word_1_238' title='bbox 1905 2623 1974 2666; x_wconf 66' lang='grc' dir='ltr'><strong>ιω</strong></span> 
     </span>
     <span class='ocr_line' id='line_1_35' title="bbox 269 2685 1706 2756; baseline -0.001 -18"><span class='ocrx_word' id='word_1_239' title='bbox 269 2685 362 2738; x_wconf 92' lang='lat' dir='ltr'><strong>Illi</strong></span> <span class='ocrx_word' id='word_1_240' title='bbox 395 2687 562 2741; x_wconf 88' lang='lat' dir='ltr'><strong>armis</strong></span> <span class='ocrx_word' id='word_1_241' title='bbox 596 2689 653 2742; x_wconf 90' lang='lat' dir='ltr'><strong>in</strong></span> <span class='ocrx_word' id='word_1_242' title='bbox 688 2705 860 2756; x_wconf 83' lang='lat' dir='ltr'><strong>regna</strong></span> <span class='ocrx_word' id='word_1_243' title='bbox 894 2692 1073 2742; x_wconf 84' lang='lat' dir='ltr'><strong>ruant.</strong></span> <span class='ocrx_word' id='word_1_244' title='bbox 1151 2689 1268 2741; x_wconf 90' lang='lat' dir='ltr'><strong>Nec</strong></span> <span class='ocrx_word' id='word_1_245' title='bbox 1302 2688 1460 2756; x_wconf 87' lang='lat' dir='ltr'><strong>plura</strong></span> <span class='ocrx_word' id='word_1_246' title='bbox 1495 2686 1706 2738; x_wconf 87' lang='lat' dir='ltr'><strong>locutus</strong></span> 
     </span>
     <span class='ocr_line' id='line_1_36' title="bbox 268 2761 1588 2830; baseline 0 -16"><span class='ocrx_word' id='word_1_247' title='bbox 268 2761 549 2830; x_wconf 79' lang='lat' dir='ltr'><strong>Corripuit</strong></span> <span class='ocrx_word' id='word_1_248' title='bbox 586 2780 705 2818; x_wconf 89' lang='lat' dir='ltr'><strong>sese</strong></span> <span class='ocrx_word' id='word_1_249' title='bbox 742 2767 800 2818; x_wconf 88' lang='lat' dir='ltr'><strong>et</strong></span> <span class='ocrx_word' id='word_1_250' title='bbox 834 2765 998 2820; x_wconf 89' lang='lat' dir='ltr'><strong>tectis</strong></span> <span class='ocrx_word' id='word_1_251' title='bbox 1034 2765 1178 2817; x_wconf 89' lang='lat' dir='ltr'><strong>citus</strong></span> <span class='ocrx_word' id='word_1_252' title='bbox 1213 2763 1415 2818; x_wconf 85' lang='lat' dir='ltr'><strong>extulit</strong></span> <span class='ocrx_word' id='word_1_253' title='bbox 1449 2763 1588 2816; x_wconf 88' lang='lat' dir='ltr'><strong>altis.</strong></span> 
     </span>
    </p>

    <p class='ocr_par' dir='ltr' id='par_1_15' title="bbox 266 2835 1722 2906">
     <span class='ocr_line' id='line_1_37' title="bbox 266 2835 1722 2906; baseline 0.003 -17"><span class='ocrx_word' id='word_1_254' title='bbox 266 2837 361 2905; x_wconf 89' lang='lat' dir='ltr'><strong>Tu,</strong></span> <span class='ocrx_word' id='word_1_255' title='bbox 399 2837 621 2906; x_wconf 77' lang='lat' dir='ltr'><strong>voluso,</strong></span> <span class='ocrx_word' id='word_1_256' title='bbox 656 2841 857 2894; x_wconf 84' lang='lat' dir='ltr'><strong>armari</strong></span> <span class='ocrx_word' id='word_1_257' title='bbox 894 2840 1216 2894; x_wconf 85' lang='lat' dir='ltr'><strong>Volscorum</strong></span> <span class='ocrx_word' id='word_1_258' title='bbox 1255 2840 1408 2893; x_wconf 89' lang='lat' dir='ltr'><strong>edice</strong></span> <span class='ocrx_word' id='word_1_259' title='bbox 1442 2835 1722 2906; x_wconf 88' lang='lat' dir='ltr'><strong>maniplis:</strong></span> 
     </span>
    </p>

    <p class='ocr_par' dir='ltr' id='par_1_16' title="bbox 264 2911 1968 3133">
     <span class='ocr_line' id='line_1_38' title="bbox 266 2911 1900 2985; baseline 0.001 -21"><span class='ocrx_word' id='word_1_260' title='bbox 266 2911 400 2981; x_wconf 91' lang='lat' dir='ltr'><strong>Duc,</strong></span> <span class='ocrx_word' id='word_1_261' title='bbox 436 2913 530 2982; x_wconf 89' lang='lat' dir='ltr'><strong>ait,</strong></span> <span class='ocrx_word' id='word_1_262' title='bbox 566 2918 623 2968; x_wconf 87' lang='lat' dir='ltr'><strong>et</strong></span> <span class='ocrx_word' id='word_1_263' title='bbox 660 2915 909 2972; x_wconf 85' lang='lat' dir='ltr'><strong>Rutulos.</strong></span> <span class='ocrx_word' id='word_1_264' title='bbox 980 2917 1253 2984; x_wconf 88' lang='lat' dir='ltr'><strong>Equitem,</strong></span> <span class='ocrx_word' id='word_1_265' title='bbox 1291 2915 1592 2985; x_wconf 84' lang='lat' dir='ltr'><strong>Messapus,</strong></span> <span class='ocrx_word' id='word_1_266' title='bbox 1629 2916 1686 2968; x_wconf 88' lang='lat' dir='ltr'><strong>in</strong></span> <span class='ocrx_word' id='word_1_267' title='bbox 1719 2914 1900 2982; x_wconf 86' lang='lat' dir='ltr'><strong>armis,</strong></span> 
     </span>
     <span class='ocr_line' id='line_1_39' title="bbox 264 2987 1968 3058; baseline -0.001 -17"><span class='ocrx_word' id='word_1_268' title='bbox 264 2987 341 3042; x_wconf 88' lang='lat' dir='ltr'><strong>Et</strong></span> <span class='ocrx_word' id='word_1_269' title='bbox 374 3005 499 3042; x_wconf 89' lang='lat' dir='ltr'><strong>cum</strong></span> <span class='ocrx_word' id='word_1_270' title='bbox 535 2991 709 3044; x_wconf 83' lang='lat' dir='ltr'><strong>fratre</strong></span> <span class='ocrx_word' id='word_1_271' title='bbox 746 2991 929 3053; x_wconf 85' lang='lat' dir='ltr'><strong>Coras,</strong></span> <span class='ocrx_word' id='word_1_272' title='bbox 966 2991 1096 3044; x_wconf 84' lang='lat' dir='ltr'><strong>latis</strong></span> <span class='ocrx_word' id='word_1_273' title='bbox 1133 2990 1424 3044; x_wconf 85' lang='lat' dir='ltr'><strong>diffundite</strong></span> <span class='ocrx_word' id='word_1_274' title='bbox 1463 2991 1684 3058; x_wconf 71' lang='lat' dir='ltr'><strong>campis..</strong></span> <span class='ocrx_word' id='word_1_275' title='bbox 1897 3002 1968 3058; x_wconf 68' lang='lat' dir='ltr'><strong>ms</strong></span> 
     </span>
     <span class='ocr_line' id='line_1_40' title="bbox 265 3061 1675 3133; baseline 0.004 -19"><span class='ocrx_word' id='word_1_276' title='bbox 265 3061 404 3116; x_wconf 89' lang='lat' dir='ltr'><strong>Pars</strong></span> <span class='ocrx_word' id='word_1_277' title='bbox 438 3063 625 3118; x_wconf 86' lang='lat' dir='ltr'><strong>aditus</strong></span> <span class='ocrx_word' id='word_1_278' title='bbox 658 3064 815 3118; x_wconf 89' lang='lat' dir='ltr'><strong>urbis</strong></span> <span class='ocrx_word' id='word_1_279' title='bbox 848 3065 1048 3130; x_wconf 85' lang='lat' dir='ltr'><strong>firmet,</strong></span> <span class='ocrx_word' id='word_1_280' title='bbox 1085 3065 1366 3133; x_wconf 83' lang='lat' dir='ltr'><strong>turrisque</strong></span> <span class='ocrx_word' id='word_1_281' title='bbox 1399 3069 1675 3132; x_wconf 81' lang='lat' dir='ltr'><strong>capessat3</strong></span> 
     </span>
    </p>

    <p class='ocr_par' dir='ltr' id='par_1_17' title="bbox 266 3137 1737 3206">
     <span class='ocr_line' id='line_1_41' title="bbox 266 3137 1737 3206; baseline 0 -14"><span class='ocrx_word' id='word_1_282' title='bbox 266 3137 489 3204; x_wconf 71' lang='lat' dir='ltr'><strong>Cetera,-</strong></span> <span class='ocrx_word' id='word_1_283' title='bbox 520 3154 631 3206; x_wconf 77' lang='lat' dir='ltr'><strong>qua</strong></span> <span class='ocrx_word' id='word_1_284' title='bbox 648 3139 825 3205; x_wconf 81' lang='lat' dir='ltr'><strong>iusso,</strong></span> <span class='ocrx_word' id='word_1_285' title='bbox 860 3152 1073 3191; x_wconf 87' lang='lat' dir='ltr'><strong>mecum</strong></span> <span class='ocrx_word' id='word_1_286' title='bbox 1109 3152 1302 3192; x_wconf 84' lang='lat' dir='ltr'><strong>manus</strong></span> <span class='ocrx_word' id='word_1_287' title='bbox 1337 3139 1547 3193; x_wconf 86' lang='lat' dir='ltr'><strong>inferat·</strong></span> <span class='ocrx_word' id='word_1_288' title='bbox 1571 3139 1737 3192; x_wconf 81' lang='lat' dir='ltr'><strong>arma.</strong></span> 
     </span>
    </p>
   </div>
  </div>
 </body>
</html>
