2163 3401
724 116 1098 165 AENEIDOS
1131 117 1269 167 LIB.
1309 118 1408 168 XI.
1829 124 1924 175 297

211 198 493 268 Oppetiit3
540 196 811 250 devictam
854 198 1047 251 Asiam
1087 197 1336 253 subsedit
1373 199 1607 256 adulter.

213 273 486 327 Invidisse
528 272 676 339 deos,
718 273 911 341 patriis
949 276 1015 327 ut
1052 274 1308 328 redditus
1348 277 1456 329 aris

212 350 538 417 Coniugium
565 354 815 417 optatum
842 353 901 403 ct
918 350 1204 417 pulchram
1233 351 1509 419 Calydona
1531 353 1813 409 viderem?
1853 370 1926 411 2⁷⁰

211 426 260 478 N
263 443 371 479 unc
405 426 575 478 etiam
609 425 858 478 horribili
895 426 1015 479 visu
1052 430 1314 495 portenta
1351 434 1670 497 sequuntur,

210 502 282 555 Et
318 502 450 555 socii
488 502 673 554 amissi
708 502 996 569 petierunt
1030 503 1258 557 aethera
1293 506 1486 572 pennis

211 578 665 646 Fluminibusque
699 582 968 645 vagantur
1004 579 1314 635 aves—heu
1351 580 1471 634 dira
1504 598 1753 636 meorum

210 654 487 724 Supplicia
502 658 643 709 l—et
679 656 927 723 scopulos
962 652 1262 710 lacrimosis
1295 657 1518 711 vocibus
1552 657 1778 727 inplent.

212 730 367 784 Haec
404 730 543 783 adeo
578 747 649 784 ex
684 730 777 784 illo
810 730 944 785 mihi
981 732 1090 786 iam
1127 734 1400 803 speranda
1433 734 1657 788 fuerunt
1857 748 1928 789 2⁷5

211 807 494 875 Tempore,
532 823 655 861 cum
693 806 840 862 ferro
876 808 1136 862 caelestia
1171 826 1396 879 corpora
1431 810 1660 865 demens

212 883 441 953 Adpetii
479 887 537 937 et
575 884 809 938 Veneris
846 884 1043 938 violavi
1079 886 1300 940 volnere
1338 886 1608 940 dextram.

209 960 297 1013 Ne
332 977 479 1026 vem,
516 976 587 1013 ne
622 976 711 1013 me
746 960 818 1013 ad
855 961 982 1014 talis
1016 961 1265 1030 inpellite
1300 977 1527 1029 pugnas.

209 1036 261 1090 N
265 1053 328 1090 ec
363 1035 498 1089 mihi
534 1052 659 1089 cum
696 1036 920 1090 Teucris
956 1037 1129 1091 ullum
1163 1041 1292 1106 post
1327 1041 1486 1091 eruta
1521 1036 1726 1091 bellum

212 1113 513 1180 Pergama3
549 1129 651 1165 nec
686 1116 935 1166 veterum
970 1114 1194 1167 memini
1229 1114 1471 1167 laetorve
1505 1114 1787 1169 malorum.
1853 1130 1928 1169 280

208 1189 460 1255 Munera,
500 1204 641 1257 quae
676 1188 871 1257 patriis
907 1188 981 1243 ad
1016 1206 1106 1243 me
1140 1190 1378 1258 portatis
1413 1190 1484 1245 ab
1521 1190 1646 1258 oris,

208 1264 432 1319 Vertite
468 1264 540 1317 ad
578 1268 820 1319 Aenean.
894 1264 1161 1319 Stetimus
1203 1266 1316 1319 tela
1351 1284 1546 1336 aspera
1580 1270 1784 1334 contra,

210 1342 665 1409 Contulimusque
702 1358 921 1395 manus:
961 1346 1190 1410 experto
1225 1343 1452 1411 credite,
1487 1347 1727 1411 quantus

210 1418 278 1471 In
315 1417 549 1486 clipeum
587 1417 867 1485 adsurgat,
905 1435 1014 1487 quo
1050 1418 1274 1471 turbine
1309 1422 1569 1487 torqueat
1603 1418 1831 1473 hastam.

209 1494 267 1548 Si
303 1494 416 1547 duo
454 1496 742 1562 praeterea
776 1494 904 1547 talis
944 1491 1118 1548 Idaea
1149 1495 1370 1549 tulisset
1854 1510 1928 1549 285

209 1571 377 1623 Terra
410 1570 570 1637 viros,
607 1570 753 1624 ultro
794 1570 1043 1624 Inachias
1078 1572 1321 1625 venisset
1357 1572 1428 1625 ad
1466 1570 1628 1625 urbes

210 1646 517 1715 Dardanus,
554 1649 611 1700 et
646 1648 819 1702 versis
853 1642 1071 1716 lugeret
1109 1646 1339 1703 Graecia
1373 1648 1516 1703 fatis.

212 1723 495 1792 Quidquid
531 1725 677 1792 apud
712 1724 885 1778 durae
920 1729 1195 1779 cessatum
1231 1729 1318 1779 est
1351 1725 1566 1778 moenia
1602 1724 1808 1793 Troiae,

211 1799 473 1854 Hectoris
510 1801 841 1868 Aeneaeque
878 1815 1045 1855 manu
1079 1801 1308 1855 victoria
1344 1801 1571 1855 Graium

213 1876 416 1931 Haesit
452 1881 511 1930 et
544 1877 601 1930 in
638 1877 933 1931 decumum
966 1877 1204 1946 vestigia
1235 1877 1455 1932 rettulit
1490 1893 1704 1932 annum.
1855 1893 1928 1934 290

212 1953 397 2006 Ambo
434 1953 641 2022 animis,
676 1952 839 2007 ambo
872 1953 1114 2022 insignes
1147 1954 1557 2023 praestantibus
1592 1953 1758 2009 armis
1771 1976 1787 2023 3

211 2029 322 2083 Hic
357 2029 567 2098 pietate
601 2030 764 2098 prior.
839 2029 1049 2083 Coeant
1083 2030 1141 2084 in
1176 2030 1400 2084 foedera
1435 2030 1682 2098 dextrae,

211 2105 335 2169 Qua
372 2105 567 2171 datur3
602 2109 690 2159 ast
726 2106 893 2159 armis
928 2109 1258 2160 concurrant
1293 2121 1448 2158 arma
1481 2110 1688 2160 cavete.

208 2181 284 2236 Et
318 2197 581 2249 responsa
617 2181 778 2234 simul
814 2197 957 2250 quae
994 2181 1118 2246 sint,
1153 2197 1254 2234 rex
1291 2184 1530 2248 optume,
1567 2181 1716 2248 regis

214 2257 459 2324 Audisti,
490 2261 547 2310 et
582 2273 725 2326 quae
760 2257 835 2311 sit
871 2271 1068 2326 magno
1107 2256 1382 2310 sententia
1415 2253 1574 2308 bello.
1857 2273 1929 2312 ms

281 2333 394 2386 Vix
431 2349 497 2386 ea
531 2333 726 2401 legati:
765 2334 1057 2402 variusque
1093 2348 1195 2401 per
1229 2347 1328 2385 ora
1363 2331 1603 2385 cucurrit

212 2409 561 2463 Ausonidum
594 2409 819 2464 turbata
853 2409 1087 2474 fremor3
1131 2425 1233 2462 ceu
1269 2425 1403 2462 saxa
1437 2411 1720 2462 morantur

212 2485 352 2540 Cum
388 2485 613 2554 rapidos
646 2485 835 2550 amnis,
870 2486 936 2538 fit
977 2484 1160 2538 clauso
1195 2485 1416 2552 gurgite
1451 2501 1711 2549 murmur,

210 2560 550 2630 Vicinaeque
584 2562 825 2616 fremunt
862 2562 1013 2629 ripae
1049 2559 1448 2628 crepitantibus
1485 2559 1660 2612 undis.

212 2637 294 2691 Ut
329 2637 569 2706 primum
602 2637 818 2705 placati
841 2637 1022 2705 animi,
1060 2640 1120 2690 et
1155 2634 1374 2703 trepida
1408 2651 1504 2688 ora
1540 2634 1814 2702 quierunt,
1857 2649 1933 2686 300

213 2713 507 2766 Praefatus
542 2713 697 2766 divos
734 2712 868 2766 solio
904 2729 1004 2766 rex
1041 2711 1166 2765 infit
1199 2710 1272 2763 ab
1307 2708 1446 2765 alto:

285 2790 438 2842 Ante
473 2789 731 2858 equidem
768 2805 979 2841 summa
1014 2788 1086 2840 de
1121 2803 1184 2840 re
1221 2786 1496 2852 statuisse,
1535 2785 1732 2852 Latini,

215 2864 287 2919 Et
323 2865 535 2932 vellem,
572 2867 630 2918 et
664 2863 848 2918 fuerat
882 2864 1109 2929 melius;
1145 2879 1254 2916 non
1288 2865 1539 2930 tempore
1575 2860 1675 2914 tali

216 2941 428 3010 Cogere
463 2941 763 3008 concilium,
796 2957 920 2994 cum
954 2955 1142 2992 muros
1177 2938 1398 2992 adsidet
1434 2937 1621 2992 hostis.

218 3017 435 3071 Bellum
469 3016 839 3082 inportunum,
876 3014 1035 3081 civeS,
1072 3030 1197 3066 cum
1232 3017 1397 3080 gente
1435 3014 1661 3066 deorum
1854 3025 1930 3064 ³0⁵

216 3090 558 3159 Invictisque
591 3090 727 3144 viris
761 3090 1015 3156 gerimus,
1055 3103 1194 3155 quos
1227 3088 1378 3141 nulla
1410 3089 1645 3156 fatigant

217 3167 451 3233 Proelia,
475 3182 577 3220 nec
609 3164 743 3219 victi
778 3164 1009 3232 possunt
1045 3161 1316 3216 absistere
1353 3163 1513 3220 ferro,
