2163 3401
204 104 269 151 64
672 102 731 150 P.
768 102 1077 151 VERGILI
1111 104 1438 151 MARONIS

203 181 629 251 Extremamque
664 184 835 251 sequi,
872 189 969 238 aut
1004 184 1186 238 medie
1219 186 1582 255 procumbere
1615 202 1810 257 campe

204 257 542 326 Pascentem,
580 264 637 313 et
672 277 827 315 serae
862 262 1032 315 selam
1070 262 1341 315 decedere
1378 262 1537 327 nocti,

204 334 475 391 Continuo
510 336 726 405 culpam
760 338 907 390 ferro
942 353 1238 407 compesce,
1274 338 1430 407 prius
1465 354 1630 408 quam

204 410 341 465 Dira
374 429 473 481 per
506 414 784 467 incautum
820 416 1044 481 serpant
1078 414 1333 482 contagia
1367 414 1569 483 volgus

202 486 255 541 N
260 504 329 541 on
351 494 462 542 tam
488 489 681 543 creber
704 505 875 557 agens
899 488 1137 543 hiemem
1161 490 1275 544 ruit
1298 494 1536 559 aequore
1560 493 1743 559 turbe,
1834 507 1909 551 470

205 562 379 628 Quam
416 566 619 619 multae
653 565 926 633 pecudum
961 569 1164 633 pestes,
1239 566 1291 618 N
1294 582 1356 619 ec
1393 566 1607 635 singula
1641 566 1822 621 morbi

203 640 447 708 Corpora
480 641 799 709 corripiunt,
835 640 934 694 sed
969 644 1089 695 tota
1124 642 1333 695 aestiva
1367 646 1612 710 repente,

204 715 478 786 Spemque
528 734 866 785 gregemque
918 717 1095 784 simul,
1149 722 1510 786 cunctamque
1545 718 1638 771 'ab
1698 720 1911 785 origine

337 797 573 861 gentem.

204 868 339 923 Tum
376 870 526 938 sciat,
563 871 740 925 acrias
778 870 951 939 Alpes
986 873 1045 924 et
1079 869 1284 924 Norica
1318 870 1364 924 si
1401 871 1524 940 quis

204 944 443 1000 Castella
476 947 532 999 in
568 946 795 1001 tumulis
829 950 887 1001 et
924 945 1148 1014 Iapydis
1183 962 1315 1001 arva
1351 946 1559 999 Timavi
1836 962 1910 1004 47⁵

202 1020 254 1073 N
258 1038 363 1075 unc
396 1038 615 1091 quoque
650 1027 777 1092 post
810 1026 964 1075 tanto
1002 1021 1188 1076 videat
1224 1022 1560 1091 desertaque
1590 1040 1762 1089 regna

204 1096 494 1151 Pastorum
532 1103 591 1153 et
622 1099 785 1167 longe
818 1098 991 1152 saltus
1025 1098 1248 1167 lateque
1280 1098 1540 1156 vacantis·

273 1173 381 1227 Hic
417 1174 691 1242 quendam
728 1174 919 1227 morbo
954 1174 1090 1228 caeli
1126 1174 1437 1229 miseranda
1473 1178 1664 1229 coorta
1697 1178 1784 1230 est

202 1249 522 1319 Tempestas
557 1254 787 1318 totoque
822 1250 1071 1305 autumni
1107 1249 1393 1304 incanduit
1428 1254 1602 1317 aestu,

202 1325 276 1379 Et
298 1343 469 1395 genus
493 1342 653 1380 omne
677 1326 796 1380 neci
820 1326 1090 1394 pecudum
1117 1326 1291 1394 dedit,
1317 1343 1477 1380 omne
1499 1327 1756 1391 ferarum,
1831 1342 1908 1383 4⁸0

202 1402 571 1472 Corrupitque
605 1402 771 1469 lacuS,
806 1402 997 1457 infecit
1032 1402 1235 1471 pabula
1269 1402 1414 1457 tabe.

201 1476 319 1533 Nec
353 1480 442 1533 via
476 1480 669 1535 mortis
706 1484 825 1534 erat
860 1480 1122 1548 simplex3
1157 1479 1258 1533 sed
1292 1478 1388 1531 ubi
1423 1478 1584 1547 ignea
1617 1480 1770 1534 venis

200 1554 466 1609 Omnibus
502 1560 625 1610 acta
658 1556 779 1609 sitis
813 1556 1041 1609 miseros
1075 1555 1388 1609 adduxerat
1423 1558 1589 1622 artus,

201 1631 413 1685 Rursus
450 1631 766 1686 abundabat
802 1632 1002 1685 fluidus
1039 1632 1220 1702 liquor
1256 1633 1546 1702 omniaque
1581 1632 1638 1685 in
1674 1650 1736 1687 se

200 1705 339 1760 Ossa
375 1709 686 1763 minutatim
722 1709 912 1762 morbo
948 1708 1204 1776 conlapsa
1236 1706 1508 1761 trahebat.
1834 1723 1907 1763 485

198 1783 379 1852 Saepe
410 1784 467 1837 in
503 1784 705 1839 honore
741 1785 904 1839 deum
941 1784 1124 1838 medie
1159 1788 1312 1838 stans
1346 1783 1526 1837 hostia
1559 1786 1632 1837 ad
1666 1801 1834 1851 aram,

200 1859 384 1916 Lanea
421 1861 551 1914 dum
588 1861 748 1916 nivea
782 1859 1153 1915 circumdatur
1187 1860 1360 1913 infula
1396 1859 1550 1924 vitta,

200 1935 359 1992 Inter
393 1939 697 1992 cunctantis
732 1937 932 1991 cecidit
967 1936 1295 1989 moribunda
1328 1936 1622 1990 ministres.

202 2014 322 2068 Aut
356 2014 404 2068 si
440 2029 603 2083 quam
640 2014 785 2068 ferro
821 2016 1157 2066 mactaverat
1191 2015 1322 2066 ante
1357 2011 1628 2077 sacerdes,

200 2089 343 2144 Inde
378 2107 557 2160 neque
592 2090 843 2160 inpositis
877 2088 1078 2142 ardent
1113 2088 1307 2142 altaria
1341 2088 1509 2156 fibris„
1835 2102 1907 2143 490

198 2165 252 2220 N
255 2183 317 2220 ec
352 2183 610 2236 responsa
643 2169 828 2236 petest
863 2164 1141 2220 consultus
1176 2165 1412 2219 reddere
1445 2169 1616 2233 vates,

200 2243 287 2296 Ac
321 2245 411 2297 vix
448 2243 715 2312 suppositi
752 2242 1079 2310 tinguuntur
1114 2240 1376 2310 sanguine
1411 2241 1574 2295 cultri

200 2320 533 2388 Summaque
567 2319 749 2373 ieiuna
784 2320 932 2372 sanie
968 2317 1273 2372 infuscatur
1307 2333 1486 2372 arena.

200 2395 347 2450 Hinc
382 2396 543 2449 laetis
577 2395 735 2449 vituli
771 2395 928 2464 yelge
964 2394 1272 2448 moriuntur
1306 2393 1364 2447 in
1401 2393 1602 2462 herbiS‚

198 2473 275 2527 Et
310 2472 483 2526 dulcis
518 2470 727 2524 animas
762 2470 925 2542 plena
958 2471 1032 2524 ad
1067 2469 1352 2539 praesepia
1387 2469 1661 2538 reddunt3
1834 2485 1906 2526 ωε

198 2548 344 2603 Hinc
379 2547 601 2604 canibus
637 2547 853 2601 blandis
887 2546 1068 2600 rabies
1104 2546 1268 2614 venit,
1305 2548 1364 2599 et
1401 2545 1579 2614 quatit
1613 2562 1810 2614 aegros

198 2624 384 2680 'russis
419 2624 613 2679 anhela
650 2641 776 2678 sues
811 2640 875 2678 ac
908 2623 1157 2678 faucibus
1191 2621 1348 2689 angit
1383 2621 1580 2675 obesis,

198 2701 430 2756 Labitur
463 2701 652 2756 infelix
688 2701 997 2757 studiorum
1034 2702 1204 2768 atque
1239 2699 1507 2752 inmemor
1541 2697 1746 2752 herbae
1845 2701 1856 2713 '

198 2776 394 2830 Victor
430 2793 605 2844 equus
639 2777 917 2846 fontisque
953 2776 1224 2830 avertitur
1259 2778 1319 2828 et
1352 2773 1497 2842 pede
1533 2778 1740 2828 terram

200 2851 407 2905 Crebra
441 2850 572 2904 ferit
590 2872 603 2916 ;
618 2852 908 2926 ‘demissae
944 2869 1119 2920 aures,
1156 2852 1396 2904 incertus
1431 2849 1634 2903 ibidem
1829 2862 1907 2904 500

198 2925 393 2995 Sudor,
429 2929 487 2978 et
520 2925 613 2979 ille
640 2927 871 2994 ‘quidem
906 2927 1188 2982 merituris
1221 2925 1468 2994 frigidus,
1505 2929 1627 2980 aret

201 2999 367 3054 Pellis
402 3004 462 3053 et
496 3001 568 3054 ad
602 3005 811 3056 tactum
846 3004 1108 3058 tractanti
1144 3003 1284 3057 dura
1317 3001 1542 3056 resistit.

202 3075 359 3130 Haec
391 3079 521 3128 ante
556 3075 784 3129 exitium
819 3079 1009 3146 primis
1044 3081 1182 3134 dant
1218 3078 1373 3146 signa
1408 3077 1633 3142 diebus;

202 3151 298 3206 Sin
332 3151 390 3205 in
423 3167 680 3221 processu
700 3155 892 3223 'coepit
926 3155 1248 3210 crudescere
1281 3155 1526 3222 morbus„

24 3257 75 3374 S
