<?xml version="1.0" encoding="UTF-8"?>
<!DOCTYPE html PUBLIC "-//W3C//DTD XHTML 1.0 Transitional//EN"
    "http://www.w3.org/TR/xhtml1/DTD/xhtml1-transitional.dtd">
<html xmlns="http://www.w3.org/1999/xhtml" xml:lang="en" lang="en">
 <head>
  <title>
</title>
<meta http-equiv="Content-Type" content="text/html;charset=utf-8" />
  <meta name='ocr-system' content='tesseract 3.04.00' />
  <meta name='ocr-capabilities' content='ocr_page ocr_carea ocr_par ocr_line ocrx_word'/>
</head>
<body>
  <div class='ocr_page' id='page_1' title='image "./operaexrecensio04virggoog/operaexrecensio04virggoog_0234.png"; bbox 0 0 2163 3401; ppageno 0'>
   <div class='ocr_carea' id='block_1_1' title="bbox 164 70 1402 142">
    <p class='ocr_par' dir='ltr' id='par_1_1' title="bbox 164 70 1402 142">
     <span class='ocr_line' id='line_1_1' title="bbox 164 70 1402 142; baseline -0.003 -19"><span class='ocrx_word' id='word_1_1' title='bbox 164 76 258 123; x_wconf 71' lang='grc'><strong>223</strong></span> <span class='ocrx_word' id='word_1_2' title='bbox 633 72 692 119; x_wconf 89' lang='lat' dir='ltr'><strong>P.</strong></span> <span class='ocrx_word' id='word_1_3' title='bbox 730 70 1037 142; x_wconf 61' lang='lat' dir='ltr'><strong>VERGILJ</strong></span> <span class='ocrx_word' id='word_1_4' title='bbox 1074 70 1402 119; x_wconf 77' lang='lat' dir='ltr'><strong>MARONIS</strong></span> 
     </span>
    </p>
   </div>
   <div class='ocr_carea' id='block_1_2' title="bbox 102 150 1888 3194">
    <p class='ocr_par' dir='ltr' id='par_1_2' title="bbox 102 150 1888 2055">
     <span class='ocr_line' id='line_1_2' title="bbox 164 150 1766 223; baseline -0.001 -15"><span class='ocrx_word' id='word_1_5' title='bbox 164 152 621 223; x_wconf 77' lang='lat' dir='ltr'><strong>Quandoquidem</strong></span> <span class='ocrx_word' id='word_1_6' title='bbox 661 150 905 205; x_wconf 83' lang='lat' dir='ltr'><strong>Ausonio</strong></span> <span class='ocrx_word' id='word_1_7' title='bbox 942 150 1179 219; x_wconf 87' lang='lat' dir='ltr'><strong>respersi</strong></span> <span class='ocrx_word' id='word_1_8' title='bbox 1215 151 1476 219; x_wconf 85' lang='lat' dir='ltr'><strong>sanguine</strong></span> <span class='ocrx_word' id='word_1_9' title='bbox 1511 152 1766 222; x_wconf 82' lang='lat' dir='ltr'><strong>Teucros,</strong></span> 
     </span>
     <span class='ocr_line' id='line_1_3' title="bbox 163 226 1748 299; baseline 0 -14"><span class='ocrx_word' id='word_1_10' title='bbox 163 231 284 285; x_wconf 93' lang='lat' dir='ltr'><strong>Hoc</strong></span> <span class='ocrx_word' id='word_1_11' title='bbox 321 230 489 285; x_wconf 83' lang='lat' dir='ltr'><strong>etiam</strong></span> <span class='ocrx_word' id='word_1_12' title='bbox 525 228 609 283; x_wconf 88' lang='lat' dir='ltr'><strong>his</strong></span> <span class='ocrx_word' id='word_1_13' title='bbox 644 227 859 293; x_wconf 82' lang='lat' dir='ltr'><strong>addam,</strong></span> <span class='ocrx_word' id='word_1_14' title='bbox 898 232 994 281; x_wconf 87' lang='lat' dir='ltr'><strong>tua</strong></span> <span class='ocrx_word' id='word_1_15' title='bbox 1031 227 1077 279; x_wconf 88' lang='lat' dir='ltr'><strong>si</strong></span> <span class='ocrx_word' id='word_1_16' title='bbox 1105 226 1246 299; x_wconf 16' lang='lat' dir='ltr'><strong>‘mihi</strong></span> <span class='ocrx_word' id='word_1_17' title='bbox 1282 231 1436 281; x_wconf 86' lang='lat' dir='ltr'><strong>certa</strong></span> <span class='ocrx_word' id='word_1_18' title='bbox 1470 228 1748 285; x_wconf 76' lang='lat' dir='ltr'><strong>voluntas:</strong></span> 
     </span>
     <span class='ocr_line' id='line_1_4' title="bbox 161 303 1498 371; baseline -0.003 -10"><span class='ocrx_word' id='word_1_19' title='bbox 161 306 449 361; x_wconf 84' lang='lat' dir='ltr'><strong>Finitimas</strong></span> <span class='ocrx_word' id='word_1_20' title='bbox 486 306 541 358; x_wconf 90' lang='lat' dir='ltr'><strong>in</strong></span> <span class='ocrx_word' id='word_1_21' title='bbox 577 305 722 359; x_wconf 89' lang='lat' dir='ltr'><strong>bella</strong></span> <span class='ocrx_word' id='word_1_22' title='bbox 757 305 931 358; x_wconf 87' lang='lat' dir='ltr'><strong>feram</strong></span> <span class='ocrx_word' id='word_1_23' title='bbox 968 304 1278 358; x_wconf 88' lang='lat' dir='ltr'><strong>rumoribus</strong></span> <span class='ocrx_word' id='word_1_24' title='bbox 1315 303 1498 371; x_wconf 74' lang='lat' dir='ltr'><strong>urbeS,</strong></span> 
     </span>
     <span class='ocr_line' id='line_1_5' title="bbox 164 380 1888 450; baseline 0 -13"><span class='ocrx_word' id='word_1_25' title='bbox 164 383 588 449; x_wconf 86' lang='lat' dir='ltr'><strong>Accendamquc</strong></span> <span class='ocrx_word' id='word_1_26' title='bbox 626 380 837 435; x_wconf 83' lang='lat' dir='ltr'><strong>animos</strong></span> <span class='ocrx_word' id='word_1_27' title='bbox 873 380 1048 434; x_wconf 88' lang='lat' dir='ltr'><strong>insani</strong></span> <span class='ocrx_word' id='word_1_28' title='bbox 1088 380 1288 434; x_wconf 86' lang='lat' dir='ltr'><strong>Martis</strong></span> <span class='ocrx_word' id='word_1_29' title='bbox 1323 396 1521 450; x_wconf 88' lang='lat' dir='ltr'><strong>amore,</strong></span> <span class='ocrx_word' id='word_1_30' title='bbox 1801 398 1888 437; x_wconf 77' lang='lat'><strong>⁶⁵0</strong></span> 
     </span>
     <span class='ocr_line' id='line_1_6' title="bbox 161 456 1882 528; baseline 0.001 -15"><span class='ocrx_word' id='word_1_31' title='bbox 161 459 421 528; x_wconf 80' lang='lat' dir='ltr'>Undique</span> <span class='ocrx_word' id='word_1_32' title='bbox 457 463 520 512; x_wconf 85' lang='lat' dir='ltr'><strong>ut</strong></span> <span class='ocrx_word' id='word_1_33' title='bbox 556 456 755 510; x_wconf 85' lang='lat' dir='ltr'><strong>auxilio</strong></span> <span class='ocrx_word' id='word_1_34' title='bbox 792 456 1039 511; x_wconf 85' lang='lat' dir='ltr'><strong>veniant:</strong></span> <span class='ocrx_word' id='word_1_35' title='bbox 1077 473 1331 525; x_wconf 78' lang='lat' dir='ltr'><strong>spargam</strong></span> <span class='ocrx_word' id='word_1_36' title='bbox 1367 474 1520 511; x_wconf 87' lang='lat' dir='ltr'><strong>arma</strong></span> <span class='ocrx_word' id='word_1_37' title='bbox 1557 474 1658 527; x_wconf 86' lang='lat' dir='ltr'><strong>per</strong></span> <span class='ocrx_word' id='word_1_38' title='bbox 1689 475 1882 527; x_wconf 79' lang='lat' dir='ltr'><strong>agms.</strong></span> 
     </span>
     <span class='ocr_line' id='line_1_7' title="bbox 161 532 1805 600; baseline 0 -11"><span class='ocrx_word' id='word_1_39' title='bbox 161 536 297 589; x_wconf 86' lang='lat' dir='ltr'><strong>Tum</strong></span> <span class='ocrx_word' id='word_1_40' title='bbox 333 538 523 589; x_wconf 90' lang='lat' dir='ltr'><strong>contra</strong></span> <span class='ocrx_word' id='word_1_41' title='bbox 561 534 728 600; x_wconf 88' lang='lat' dir='ltr'><strong>Iuno;</strong></span> <span class='ocrx_word' id='word_1_42' title='bbox 766 533 1055 587; x_wconf 86' lang='lat' dir='ltr'><strong>Terrorum</strong></span> <span class='ocrx_word' id='word_1_43' title='bbox 1093 537 1152 587; x_wconf 87' lang='lat' dir='ltr'><strong>et</strong></span> <span class='ocrx_word' id='word_1_44' title='bbox 1189 532 1400 587; x_wconf 82' lang='lat' dir='ltr'><strong>fraudis</strong></span> <span class='ocrx_word' id='word_1_45' title='bbox 1433 533 1652 588; x_wconf 84' lang='lat' dir='ltr'><strong>abunde</strong></span> <span class='ocrx_word' id='word_1_46' title='bbox 1685 538 1805 589; x_wconf 85' lang='lat' dir='ltr'><strong>est:</strong></span> 
     </span>
     <span class='ocr_line' id='line_1_8' title="bbox 161 610 1652 677; baseline -0.002 -11"><span class='ocrx_word' id='word_1_47' title='bbox 161 612 323 666; x_wconf 86' lang='lat' dir='ltr'><strong>Stant</strong></span> <span class='ocrx_word' id='word_1_48' title='bbox 357 610 487 664; x_wconf 88' lang='lat' dir='ltr'><strong>belli</strong></span> <span class='ocrx_word' id='word_1_49' title='bbox 524 626 771 663; x_wconf 82' lang='lat' dir='ltr'>caussae:</span> <span class='ocrx_word' id='word_1_50' title='bbox 810 612 1088 677; x_wconf 86' lang='lat' dir='ltr'><strong>pugnatur</strong></span> <span class='ocrx_word' id='word_1_51' title='bbox 1122 610 1422 663; x_wconf 88' lang='lat' dir='ltr'><strong>comminus</strong></span> <span class='ocrx_word' id='word_1_52' title='bbox 1459 611 1652 676; x_wconf 86' lang='lat' dir='ltr'><strong>armis;</strong></span> 
     </span>
     <span class='ocr_line' id='line_1_9' title="bbox 162 685 1791 755; baseline -0.001 -14"><span class='ocrx_word' id='word_1_53' title='bbox 162 688 313 752; x_wconf 85' lang='lat' dir='ltr'><strong>Quae</strong></span> <span class='ocrx_word' id='word_1_54' title='bbox 348 687 461 743; x_wconf 88' lang='lat' dir='ltr'><strong>fors</strong></span> <span class='ocrx_word' id='word_1_55' title='bbox 494 687 672 755; x_wconf 85' lang='lat' dir='ltr'><strong>prima</strong></span> <span class='ocrx_word' id='word_1_56' title='bbox 707 685 881 751; x_wconf 89' lang='lat' dir='ltr'><strong>dedit,</strong></span> <span class='ocrx_word' id='word_1_57' title='bbox 918 686 1140 753; x_wconf 85' lang='lat' dir='ltr'><strong>sanguis</strong></span> <span class='ocrx_word' id='word_1_58' title='bbox 1177 703 1348 739; x_wconf 86' lang='lat' dir='ltr'><strong>novus</strong></span> <span class='ocrx_word' id='word_1_59' title='bbox 1387 687 1588 741; x_wconf 77' lang='lat' dir='ltr'><strong>imbuit</strong></span> <span class='ocrx_word' id='word_1_60' title='bbox 1621 703 1791 740; x_wconf 79' lang='lat' dir='ltr'><strong>arma.</strong></span> 
     </span>
     <span class='ocr_line' id='line_1_10' title="bbox 160 761 1883 833; baseline 0 -16"><span class='ocrx_word' id='word_1_61' title='bbox 160 764 312 817; x_wconf 87' lang='lat' dir='ltr'><strong>Talia</strong></span> <span class='ocrx_word' id='word_1_62' title='bbox 344 762 595 830; x_wconf 86' lang='lat' dir='ltr'><strong>coniugia</strong></span> <span class='ocrx_word' id='word_1_63' title='bbox 630 765 689 816; x_wconf 89' lang='lat' dir='ltr'><strong>ct</strong></span> <span class='ocrx_word' id='word_1_64' title='bbox 723 761 851 815; x_wconf 82' lang='lat' dir='ltr'><strong>talis</strong></span> <span class='ocrx_word' id='word_1_65' title='bbox 884 761 1166 833; x_wconf 83' lang='lat' dir='ltr'><strong>celebrent</strong></span> <span class='ocrx_word' id='word_1_66' title='bbox 1200 762 1522 831; x_wconf 80' lang='lat' dir='ltr'><strong>hymenaeos</strong></span> <span class='ocrx_word' id='word_1_67' title='bbox 1797 776 1883 817; x_wconf 66' lang='grc' dir='ltr'><strong>ωε</strong></span> 
     </span>
     <span class='ocr_line' id='line_1_11' title="bbox 160 838 1602 909; baseline 0 -16"><span class='ocrx_word' id='word_1_68' title='bbox 160 839 457 909; x_wconf 82' lang='lat' dir='ltr'><strong>Egregium</strong></span> <span class='ocrx_word' id='word_1_69' title='bbox 494 838 729 893; x_wconf 87' lang='lat' dir='ltr'><strong>Veneris</strong></span> <span class='ocrx_word' id='word_1_70' title='bbox 762 855 936 907; x_wconf 84' lang='lat' dir='ltr'><strong>genus</strong></span> <span class='ocrx_word' id='word_1_71' title='bbox 974 842 1032 892; x_wconf 88' lang='lat' dir='ltr'><strong>et</strong></span> <span class='ocrx_word' id='word_1_72' title='bbox 1066 855 1167 892; x_wconf 84' lang='lat' dir='ltr'><strong>rex</strong></span> <span class='ocrx_word' id='word_1_73' title='bbox 1201 839 1320 907; x_wconf 86' lang='lat' dir='ltr'><strong>ipse</strong></span> <span class='ocrx_word' id='word_1_74' title='bbox 1360 839 1602 893; x_wconf 73' lang='lat' dir='ltr'><strong>Latinus·</strong></span> 
     </span>
     <span class='ocr_line' id='line_1_12' title="bbox 160 914 1454 985; baseline 0 -16"><span class='ocrx_word' id='word_1_75' title='bbox 160 916 237 970; x_wconf 87' lang='lat' dir='ltr'><strong>Te</strong></span> <span class='ocrx_word' id='word_1_76' title='bbox 272 933 435 985; x_wconf 87' lang='lat' dir='ltr'><strong>super</strong></span> <span class='ocrx_word' id='word_1_77' title='bbox 470 915 743 969; x_wconf 84' lang='lat' dir='ltr'><strong>aetherias</strong></span> <span class='ocrx_word' id='word_1_78' title='bbox 780 931 967 969; x_wconf 88' lang='lat' dir='ltr'><strong>errare</strong></span> <span class='ocrx_word' id='word_1_79' title='bbox 1003 914 1258 969; x_wconf 88' lang='lat' dir='ltr'><strong>licentius</strong></span> <span class='ocrx_word' id='word_1_80' title='bbox 1293 931 1454 969; x_wconf 89' lang='lat' dir='ltr'><strong>auras</strong></span> 
     </span>
     <span class='ocr_line' id='line_1_13' title="bbox 162 990 1642 1060; baseline 0 -15"><span class='ocrx_word' id='word_1_81' title='bbox 162 992 330 1046; x_wconf 82' lang='lat' dir='ltr'><strong>Haud</strong></span> <span class='ocrx_word' id='word_1_82' title='bbox 368 992 535 1047; x_wconf 87' lang='lat' dir='ltr'><strong>Pater</strong></span> <span class='ocrx_word' id='word_1_83' title='bbox 569 991 662 1044; x_wconf 86' lang='lat' dir='ltr'><strong>illc</strong></span> <span class='ocrx_word' id='word_1_84' title='bbox 699 991 847 1059; x_wconf 83' lang='lat' dir='ltr'><strong>velit,</strong></span> <span class='ocrx_word' id='word_1_85' title='bbox 884 991 1078 1045; x_wconf 83' lang='lat' dir='ltr'><strong>summi</strong></span> <span class='ocrx_word' id='word_1_86' title='bbox 1116 995 1376 1059; x_wconf 84' lang='lat' dir='ltr'><strong>regnator</strong></span> <span class='ocrx_word' id='word_1_87' title='bbox 1412 990 1642 1060; x_wconf 81' lang='lat' dir='ltr'><strong>Olympi.</strong></span> 
     </span>
     <span class='ocr_line' id='line_1_14' title="bbox 161 1067 1800 1137; baseline -0.001 -15"><span class='ocrx_word' id='word_1_88' title='bbox 161 1068 311 1123; x_wconf 85' lang='lat' dir='ltr'><strong>Cede</strong></span> <span class='ocrx_word' id='word_1_89' title='bbox 345 1069 491 1122; x_wconf 84' lang='lat' dir='ltr'><strong>locis.</strong></span> <span class='ocrx_word' id='word_1_90' title='bbox 564 1068 696 1135; x_wconf 82' lang='lat' dir='ltr'><strong>Ege,</strong></span> <span class='ocrx_word' id='word_1_91' title='bbox 732 1067 777 1121; x_wconf 87' lang='lat' dir='ltr'><strong>si</strong></span> <span class='ocrx_word' id='word_1_92' title='bbox 814 1083 924 1136; x_wconf 89' lang='lat' dir='ltr'><strong>qua</strong></span> <span class='ocrx_word' id='word_1_93' title='bbox 959 1084 1124 1137; x_wconf 87' lang='lat' dir='ltr'><strong>super</strong></span> <span class='ocrx_word' id='word_1_94' title='bbox 1161 1068 1382 1122; x_wconf 85' lang='lat' dir='ltr'><strong>fortuna</strong></span> <span class='ocrx_word' id='word_1_95' title='bbox 1414 1067 1660 1121; x_wconf 85' lang='lat' dir='ltr'><strong>laborum</strong></span> <span class='ocrx_word' id='word_1_96' title='bbox 1693 1070 1800 1134; x_wconf 88' lang='lat' dir='ltr'><strong>cst,</strong></span> 
     </span>
     <span class='ocr_line' id='line_1_15' title="bbox 164 1143 1882 1212; baseline 0 -13"><span class='ocrx_word' id='word_1_97' title='bbox 164 1144 291 1212; x_wconf 83' lang='lat' dir='ltr'><strong>Ipsa</strong></span> <span class='ocrx_word' id='word_1_98' title='bbox 326 1161 527 1212; x_wconf 86' lang='lat' dir='ltr'><strong>regam.</strong></span> <span class='ocrx_word' id='word_1_99' title='bbox 602 1144 746 1197; x_wconf 80' lang='lat' dir='ltr'><strong>Talis</strong></span> <span class='ocrx_word' id='word_1_100' title='bbox 782 1143 1017 1198; x_wconf 89' lang='lat' dir='ltr'><strong>dederat</strong></span> <span class='ocrx_word' id='word_1_101' title='bbox 1053 1145 1310 1199; x_wconf 82' lang='lat' dir='ltr'><strong>Saturnia</strong></span> <span class='ocrx_word' id='word_1_102' title='bbox 1345 1160 1531 1207; x_wconf 85' lang='lat' dir='ltr'><strong>voces;</strong></span> <span class='ocrx_word' id='word_1_103' title='bbox 1797 1158 1882 1199; x_wconf 71' lang='grc' dir='ltr'><strong>σω</strong></span> 
     </span>
     <span class='ocr_line' id='line_1_16' title="bbox 102 1219 1526 1289; baseline -0.001 -14"><span class='ocrx_word' id='word_1_104' title='bbox 102 1244 111 1252; x_wconf 92' lang='grc'><em>·</em></span> <span class='ocrx_word' id='word_1_105' title='bbox 165 1220 267 1275; x_wconf 83' lang='lat' dir='ltr'><strong>lua</strong></span> <span class='ocrx_word' id='word_1_106' title='bbox 300 1224 487 1275; x_wconf 85' lang='lat' dir='ltr'><strong>autem</strong></span> <span class='ocrx_word' id='word_1_107' title='bbox 524 1221 731 1275; x_wconf 88' lang='lat' dir='ltr'><strong>attollit</strong></span> <span class='ocrx_word' id='word_1_108' title='bbox 768 1219 1057 1275; x_wconf 85' lang='lat' dir='ltr'><strong>stridentis</strong></span> <span class='ocrx_word' id='word_1_109' title='bbox 1094 1220 1363 1289; x_wconf 79' lang='lat' dir='ltr'><strong>anguibus</strong></span> <span class='ocrx_word' id='word_1_110' title='bbox 1399 1220 1526 1289; x_wconf 82' lang='lat' dir='ltr'><strong>alas,</strong></span> 
     </span>
     <span class='ocr_line' id='line_1_17' title="bbox 162 1296 1620 1367; baseline 0.001 -17"><span class='ocrx_word' id='word_1_111' title='bbox 162 1297 459 1367; x_wconf 76' lang='lat' dir='ltr'><strong>Cocytique</strong></span> <span class='ocrx_word' id='word_1_112' title='bbox 495 1297 639 1365; x_wconf 85' lang='lat' dir='ltr'><strong>petit</strong></span> <span class='ocrx_word' id='word_1_113' title='bbox 674 1297 877 1361; x_wconf 82' lang='lat' dir='ltr'><strong>sedem,</strong></span> <span class='ocrx_word' id='word_1_114' title='bbox 913 1314 1114 1366; x_wconf 78' lang='lat' dir='ltr'><strong>supera</strong></span> <span class='ocrx_word' id='word_1_115' title='bbox 1149 1296 1322 1351; x_wconf 84' lang='lat' dir='ltr'><strong>ardua</strong></span> <span class='ocrx_word' id='word_1_116' title='bbox 1357 1297 1620 1365; x_wconf 84' lang='lat' dir='ltr'><strong>linquens.</strong></span> 
     </span>
     <span class='ocr_line' id='line_1_18' title="bbox 163 1373 1528 1441; baseline 0 -15"><span class='ocrx_word' id='word_1_117' title='bbox 163 1374 264 1427; x_wconf 86' lang='lat' dir='ltr'><strong>Est</strong></span> <span class='ocrx_word' id='word_1_118' title='bbox 297 1373 447 1427; x_wconf 90' lang='lat' dir='ltr'><strong>locus</strong></span> <span class='ocrx_word' id='word_1_119' title='bbox 485 1373 682 1427; x_wconf 84' lang='lat' dir='ltr'><strong>Italiac</strong></span> <span class='ocrx_word' id='word_1_120' title='bbox 720 1373 903 1427; x_wconf 89' lang='lat' dir='ltr'><strong>medio</strong></span> <span class='ocrx_word' id='word_1_121' title='bbox 940 1373 1042 1427; x_wconf 90' lang='lat' dir='ltr'><strong>sub</strong></span> <span class='ocrx_word' id='word_1_122' title='bbox 1078 1373 1354 1429; x_wconf 88' lang='lat' dir='ltr'><strong>montibus</strong></span> <span class='ocrx_word' id='word_1_123' title='bbox 1390 1373 1528 1441; x_wconf 89' lang='lat' dir='ltr'><strong>altis,</strong></span> 
     </span>
     <span class='ocr_line' id='line_1_19' title="bbox 162 1450 1501 1514; baseline -0.001 -11"><span class='ocrx_word' id='word_1_124' title='bbox 162 1450 378 1504; x_wconf 85' lang='lat' dir='ltr'><strong>Nobilis</strong></span> <span class='ocrx_word' id='word_1_125' title='bbox 416 1454 474 1503; x_wconf 88' lang='lat' dir='ltr'><strong>ct</strong></span> <span class='ocrx_word' id='word_1_126' title='bbox 508 1450 655 1503; x_wconf 83' lang='lat' dir='ltr'><strong>fama</strong></span> <span class='ocrx_word' id='word_1_127' title='bbox 689 1450 877 1503; x_wconf 90' lang='lat' dir='ltr'><strong>multis</strong></span> <span class='ocrx_word' id='word_1_128' title='bbox 914 1454 1250 1504; x_wconf 83' lang='lat' dir='ltr'><strong>memoratus</strong></span> <span class='ocrx_word' id='word_1_129' title='bbox 1285 1450 1340 1503; x_wconf 90' lang='lat' dir='ltr'><strong>in</strong></span> <span class='ocrx_word' id='word_1_130' title='bbox 1378 1450 1501 1514; x_wconf 87' lang='lat' dir='ltr'><strong>oris,</strong></span> 
     </span>
     <span class='ocr_line' id='line_1_20' title="bbox 163 1526 1879 1592; baseline 0.002 -12"><span class='ocrx_word' id='word_1_131' title='bbox 163 1526 450 1581; x_wconf 75' lang='lat' dir='ltr'><strong>Amsancti</strong></span> <span class='ocrx_word' id='word_1_132' title='bbox 486 1527 680 1592; x_wconf 85' lang='lat' dir='ltr'><strong>valles;</strong></span> <span class='ocrx_word' id='word_1_133' title='bbox 717 1526 902 1579; x_wconf 86' lang='lat' dir='ltr'><strong>densis</strong></span> <span class='ocrx_word' id='word_1_134' title='bbox 938 1526 1083 1580; x_wconf 89' lang='lat' dir='ltr'><strong>hunc</strong></span> <span class='ocrx_word' id='word_1_135' title='bbox 1117 1526 1402 1581; x_wconf 83' lang='lat' dir='ltr'><strong>frondibus</strong></span> <span class='ocrx_word' id='word_1_136' title='bbox 1437 1532 1620 1580; x_wconf 87' lang='lat' dir='ltr'><strong>atrum</strong></span> <span class='ocrx_word' id='word_1_137' title='bbox 1798 1542 1879 1583; x_wconf 65' lang='grc' dir='ltr'><strong>δῶ</strong></span> 
     </span>
     <span class='ocr_line' id='line_1_21' title="bbox 162 1602 1775 1672; baseline 0 -15"><span class='ocrx_word' id='word_1_138' title='bbox 162 1602 379 1671; x_wconf 88' lang='lat' dir='ltr'><strong>Urguet</strong></span> <span class='ocrx_word' id='word_1_139' title='bbox 413 1602 694 1671; x_wconf 75' lang='lat' dir='ltr'><strong>utrimque</strong></span> <span class='ocrx_word' id='word_1_140' title='bbox 728 1602 874 1655; x_wconf 87' lang='lat' dir='ltr'><strong>latus</strong></span> <span class='ocrx_word' id='word_1_141' title='bbox 908 1603 1163 1670; x_wconf 85' lang='lat' dir='ltr'><strong>nemoris,</strong></span> <span class='ocrx_word' id='word_1_142' title='bbox 1198 1602 1494 1672; x_wconf 87' lang='lat' dir='ltr'><strong>medioque</strong></span> <span class='ocrx_word' id='word_1_143' title='bbox 1527 1602 1775 1671; x_wconf 80' lang='lat' dir='ltr'><strong>fragosus</strong></span> 
     </span>
     <span class='ocr_line' id='line_1_22' title="bbox 163 1678 1523 1736; baseline 0.001 -4"><span class='ocrx_word' id='word_1_144' title='bbox 163 1679 274 1734; x_wconf 87' lang='lat' dir='ltr'><strong>Dat</strong></span> <span class='ocrx_word' id='word_1_145' title='bbox 310 1680 551 1734; x_wconf 87' lang='lat' dir='ltr'><strong>sonitum</strong></span> <span class='ocrx_word' id='word_1_146' title='bbox 590 1678 735 1733; x_wconf 84' lang='lat' dir='ltr'><strong>saxis</strong></span> <span class='ocrx_word' id='word_1_147' title='bbox 772 1683 830 1734; x_wconf 92' lang='lat' dir='ltr'><strong>et</strong></span> <span class='ocrx_word' id='word_1_148' title='bbox 866 1682 1015 1734; x_wconf 86' lang='lat' dir='ltr'><strong>torto</strong></span> <span class='ocrx_word' id='word_1_149' title='bbox 1051 1680 1258 1736; x_wconf 83' lang='lat' dir='ltr'><strong>vertice</strong></span> <span class='ocrx_word' id='word_1_150' title='bbox 1293 1684 1523 1735; x_wconf 70' lang='lat' dir='ltr'><strong>torrens</strong></span> 
     </span>
     <span class='ocr_line' id='line_1_23' title="bbox 164 1755 1637 1826; baseline 0.001 -17"><span class='ocrx_word' id='word_1_151' title='bbox 164 1756 272 1810; x_wconf 87' lang='lat' dir='ltr'><strong>Hic</strong></span> <span class='ocrx_word' id='word_1_152' title='bbox 308 1773 499 1826; x_wconf 82' lang='lat' dir='ltr'><strong>specus</strong></span> <span class='ocrx_word' id='word_1_153' title='bbox 536 1755 871 1810; x_wconf 88' lang='lat' dir='ltr'><strong>horrendum</strong></span> <span class='ocrx_word' id='word_1_154' title='bbox 908 1761 966 1810; x_wconf 87' lang='lat' dir='ltr'><strong>et</strong></span> <span class='ocrx_word' id='word_1_155' title='bbox 1002 1757 1150 1810; x_wconf 81' lang='lat' dir='ltr'><strong>saevi</strong></span> <span class='ocrx_word' id='word_1_156' title='bbox 1187 1757 1457 1826; x_wconf 84' lang='lat' dir='ltr'><strong>spiracula</strong></span> <span class='ocrx_word' id='word_1_157' title='bbox 1493 1756 1637 1810; x_wconf 85' lang='lat' dir='ltr'><strong>Ditis</strong></span> 
     </span>
     <span class='ocr_line' id='line_1_24' title="bbox 162 1832 1688 1902; baseline 0.002 -17"><span class='ocrx_word' id='word_1_158' title='bbox 162 1833 557 1898; x_wconf 89' lang='lat' dir='ltr'><strong>Monstrantur,</strong></span> <span class='ocrx_word' id='word_1_159' title='bbox 596 1836 872 1902; x_wconf 88' lang='lat' dir='ltr'><strong>ruptoque</strong></span> <span class='ocrx_word' id='word_1_160' title='bbox 910 1832 1104 1900; x_wconf 86' lang='lat' dir='ltr'><strong>ingens</strong></span> <span class='ocrx_word' id='word_1_161' title='bbox 1142 1833 1458 1888; x_wconf 81' lang='lat' dir='ltr'><strong>Acheronte</strong></span> <span class='ocrx_word' id='word_1_162' title='bbox 1491 1849 1688 1902; x_wconf 80' lang='lat' dir='ltr'><strong>vorago</strong></span> 
     </span>
     <span class='ocr_line' id='line_1_25' title="bbox 166 1908 1880 1980; baseline 0.002 -18"><span class='ocrx_word' id='word_1_163' title='bbox 166 1908 457 1963; x_wconf 69' lang='lat' dir='ltr'><strong>Pestiferos</strong></span> <span class='ocrx_word' id='word_1_164' title='bbox 492 1909 673 1978; x_wconf 84' lang='lat' dir='ltr'><strong>aperit</strong></span> <span class='ocrx_word' id='word_1_165' title='bbox 706 1909 908 1977; x_wconf 86' lang='lat' dir='ltr'><strong>fauces,</strong></span> <span class='ocrx_word' id='word_1_166' title='bbox 945 1910 1067 1978; x_wconf 88' lang='lat' dir='ltr'><strong>quis</strong></span> <span class='ocrx_word' id='word_1_167' title='bbox 1104 1909 1326 1965; x_wconf 84' lang='lat' dir='ltr'><strong>condita.</strong></span> <span class='ocrx_word' id='word_1_168' title='bbox 1362 1910 1568 1980; x_wconf 81' lang='lat' dir='ltr'><strong>Erinys,</strong></span> <span class='ocrx_word' id='word_1_169' title='bbox 1797 1924 1880 1966; x_wconf 74' lang='lat'><strong>⁵70</strong></span> 
     </span>
     <span class='ocr_line' id='line_1_26' title="bbox 164 1984 1499 2055; baseline 0.002 -18"><span class='ocrx_word' id='word_1_170' title='bbox 164 1984 409 2038; x_wconf 84' lang='lat' dir='ltr'><strong>Invisum</strong></span> <span class='ocrx_word' id='word_1_171' title='bbox 443 2002 659 2052; x_wconf 86' lang='lat' dir='ltr'><strong>numen,</strong></span> <span class='ocrx_word' id='word_1_172' title='bbox 679 1987 875 2044; x_wconf 68' lang='lat' dir='ltr'><strong>,terras</strong></span> <span class='ocrx_word' id='word_1_173' title='bbox 911 1985 1232 2055; x_wconf 82' lang='lat' dir='ltr'><strong>caelumque</strong></span> <span class='ocrx_word' id='word_1_174' title='bbox 1268 1986 1499 2040; x_wconf 83' lang='lat' dir='ltr'><strong>levabat.</strong></span> 
     </span>
    </p>

    <p class='ocr_par' dir='ltr' id='par_1_3' title="bbox 162 2060 1888 3118">
     <span class='ocr_line' id='line_1_27' title="bbox 232 2060 1622 2116; baseline 0.002 -3"><span class='ocrx_word' id='word_1_175' title='bbox 232 2060 283 2112; x_wconf 84' lang='lat' dir='ltr'>N</span> <span class='ocrx_word' id='word_1_176' title='bbox 286 2077 347 2114; x_wconf 90' lang='lat' dir='ltr'><strong>ec</strong></span> <span class='ocrx_word' id='word_1_177' title='bbox 382 2061 561 2114; x_wconf 88' lang='lat' dir='ltr'><strong>minus</strong></span> <span class='ocrx_word' id='word_1_178' title='bbox 597 2061 808 2114; x_wconf 84' lang='lat' dir='ltr'><strong>interca</strong></span> <span class='ocrx_word' id='word_1_179' title='bbox 842 2065 1148 2116; x_wconf 79' lang='lat' dir='ltr'><strong>extremam</strong></span> <span class='ocrx_word' id='word_1_180' title='bbox 1187 2062 1444 2116; x_wconf 79' lang='lat' dir='ltr'><strong>Saturnia</strong></span> <span class='ocrx_word' id='word_1_181' title='bbox 1477 2062 1622 2116; x_wconf 88' lang='lat' dir='ltr'><strong>bello</strong></span> 
     </span>
     <span class='ocr_line' id='line_1_28' title="bbox 164 2137 1622 2206; baseline 0.001 -16"><span class='ocrx_word' id='word_1_182' title='bbox 164 2137 386 2206; x_wconf 88' lang='lat' dir='ltr'><strong>Inponit</strong></span> <span class='ocrx_word' id='word_1_183' title='bbox 421 2137 610 2206; x_wconf 83' lang='lat' dir='ltr'><strong>regina</strong></span> <span class='ocrx_word' id='word_1_184' title='bbox 644 2153 880 2193; x_wconf 89' lang='lat' dir='ltr'><strong>manum.</strong></span> <span class='ocrx_word' id='word_1_185' title='bbox 956 2138 1093 2192; x_wconf 85' lang='lat' dir='ltr'><strong>Ruit</strong></span> <span class='ocrx_word' id='word_1_186' title='bbox 1127 2138 1304 2191; x_wconf 91' lang='lat' dir='ltr'><strong>omnis</strong></span> <span class='ocrx_word' id='word_1_187' title='bbox 1337 2138 1394 2191; x_wconf 90' lang='lat' dir='ltr'><strong>in</strong></span> <span class='ocrx_word' id='word_1_188' title='bbox 1430 2137 1622 2192; x_wconf 87' lang='lat' dir='ltr'><strong>urbem</strong></span> 
     </span>
     <span class='ocr_line' id='line_1_29' title="bbox 162 2211 1660 2284; baseline 0.002 -17"><span class='ocrx_word' id='word_1_189' title='bbox 162 2211 451 2267; x_wconf 82' lang='lat' dir='ltr'><strong>Pastorum</strong></span> <span class='ocrx_word' id='word_1_190' title='bbox 487 2231 556 2267; x_wconf 81' lang='lat' dir='ltr'><strong>ex</strong></span> <span class='ocrx_word' id='word_1_191' title='bbox 592 2215 705 2268; x_wconf 88' lang='lat' dir='ltr'><strong>acie</strong></span> <span class='ocrx_word' id='word_1_192' title='bbox 739 2231 1013 2282; x_wconf 88' lang='lat' dir='ltr'><strong>numerus,</strong></span> <span class='ocrx_word' id='word_1_193' title='bbox 1047 2231 1343 2284; x_wconf 82' lang='lat' dir='ltr'><strong>caesosque</strong></span> <span class='ocrx_word' id='word_1_194' title='bbox 1377 2218 1660 2284; x_wconf 82' lang='lat' dir='ltr'><strong>reportant</strong></span> 
     </span>
     <span class='ocr_line' id='line_1_30' title="bbox 164 2290 1884 2360; baseline 0.003 -17"><span class='ocrx_word' id='word_1_195' title='bbox 164 2290 455 2345; x_wconf 88' lang='lat' dir='ltr'><strong>Almonem</strong></span> <span class='ocrx_word' id='word_1_196' title='bbox 491 2307 721 2359; x_wconf 85' lang='lat' dir='ltr'><strong>puerum</strong></span> <span class='ocrx_word' id='word_1_197' title='bbox 755 2290 1077 2360; x_wconf 85' lang='lat' dir='ltr'><strong>foedatique</strong></span> <span class='ocrx_word' id='word_1_198' title='bbox 1112 2308 1210 2345; x_wconf 85' lang='lat' dir='ltr'><strong>ora</strong></span> <span class='ocrx_word' id='word_1_199' title='bbox 1246 2291 1478 2358; x_wconf 80' lang='lat' dir='ltr'><strong>Galaesi,</strong></span> <span class='ocrx_word' id='word_1_200' title='bbox 1799 2306 1884 2348; x_wconf 74' lang='grc' dir='ltr'><strong>επ</strong></span> 
     </span>
     <span class='ocr_line' id='line_1_31' title="bbox 165 2366 1554 2437; baseline 0.001 -17"><span class='ocrx_word' id='word_1_201' title='bbox 165 2367 558 2436; x_wconf 84' lang='lat' dir='ltr'><strong>Inplorantque</strong></span> <span class='ocrx_word' id='word_1_202' title='bbox 596 2367 743 2431; x_wconf 89' lang='lat' dir='ltr'><strong>deos,</strong></span> <span class='ocrx_word' id='word_1_203' title='bbox 780 2366 1242 2437; x_wconf 81' lang='lat' dir='ltr'><strong>obtestanturque</strong></span> <span class='ocrx_word' id='word_1_204' title='bbox 1279 2369 1554 2422; x_wconf 83' lang='lat' dir='ltr'><strong>Latinum.</strong></span> 
     </span>
     <span class='ocr_line' id='line_1_32' title="bbox 164 2442 1729 2512; baseline 0.002 -17"><span class='ocrx_word' id='word_1_205' title='bbox 164 2443 376 2496; x_wconf 84' lang='lat' dir='ltr'><strong>Turnus</strong></span> <span class='ocrx_word' id='word_1_206' title='bbox 411 2442 587 2510; x_wconf 82' lang='lat' dir='ltr'><strong>adest,</strong></span> <span class='ocrx_word' id='word_1_207' title='bbox 621 2442 915 2512; x_wconf 87' lang='lat' dir='ltr'><strong>medioque</strong></span> <span class='ocrx_word' id='word_1_208' title='bbox 950 2443 1006 2496; x_wconf 89' lang='lat' dir='ltr'><strong>in</strong></span> <span class='ocrx_word' id='word_1_209' title='bbox 1042 2443 1268 2501; x_wconf 88' lang='lat' dir='ltr'><strong>crimine</strong></span> <span class='ocrx_word' id='word_1_210' title='bbox 1303 2443 1486 2498; x_wconf 82' lang='lat' dir='ltr'><strong>caedis</strong></span> <span class='ocrx_word' id='word_1_211' title='bbox 1521 2449 1580 2498; x_wconf 89' lang='lat' dir='ltr'><strong>ct</strong></span> <span class='ocrx_word' id='word_1_212' title='bbox 1613 2444 1729 2512; x_wconf 81' lang='lat' dir='ltr'><strong>igni</strong></span> 
     </span>
     <span class='ocr_line' id='line_1_33' title="bbox 164 2518 1629 2588; baseline 0 -16"><span class='ocrx_word' id='word_1_213' title='bbox 164 2519 448 2572; x_wconf 86' lang='lat' dir='ltr'><strong>Terrorem</strong></span> <span class='ocrx_word' id='word_1_214' title='bbox 484 2518 812 2586; x_wconf 85' lang='lat' dir='ltr'><strong>ingeminat:</strong></span> <span class='ocrx_word' id='word_1_215' title='bbox 852 2519 1089 2574; x_wconf 89' lang='lat' dir='ltr'><strong>Teucros</strong></span> <span class='ocrx_word' id='word_1_216' title='bbox 1124 2520 1182 2573; x_wconf 91' lang='lat' dir='ltr'><strong>in</strong></span> <span class='ocrx_word' id='word_1_217' title='bbox 1218 2537 1386 2588; x_wconf 83' lang='lat' dir='ltr'><strong>regna</strong></span> <span class='ocrx_word' id='word_1_218' title='bbox 1420 2519 1629 2583; x_wconf 79' lang='lat' dir='ltr'><strong>vocari3</strong></span> 
     </span>
     <span class='ocr_line' id='line_1_34' title="bbox 164 2594 1590 2665; baseline -0.001 -15"><span class='ocrx_word' id='word_1_219' title='bbox 164 2595 405 2664; x_wconf 83' lang='lat' dir='ltr'><strong>Stirpem</strong></span> <span class='ocrx_word' id='word_1_220' title='bbox 443 2594 731 2652; x_wconf 81' lang='lat' dir='ltr'><strong>admisceri</strong></span> <span class='ocrx_word' id='word_1_221' title='bbox 770 2595 1092 2664; x_wconf 57' lang='lat' dir='ltr'><strong>Phrygiam:</strong></span> <span class='ocrx_word' id='word_1_222' title='bbox 1131 2614 1190 2652; x_wconf 89' lang='lat' dir='ltr'><strong>se</strong></span> <span class='ocrx_word' id='word_1_223' title='bbox 1226 2596 1413 2651; x_wconf 89' lang='lat' dir='ltr'><strong>limine</strong></span> <span class='ocrx_word' id='word_1_224' title='bbox 1449 2596 1590 2665; x_wconf 90' lang='lat' dir='ltr'><strong>pelli.</strong></span> 
     </span>
     <span class='ocr_line' id='line_1_35' title="bbox 165 2671 1885 2740; baseline 0.003 -16"><span class='ocrx_word' id='word_1_225' title='bbox 165 2671 318 2738; x_wconf 87' lang='lat' dir='ltr'><strong>Tum,</strong></span> <span class='ocrx_word' id='word_1_226' title='bbox 344 2688 576 2740; x_wconf 88' lang='lat' dir='ltr'><strong>quorum</strong></span> <span class='ocrx_word' id='word_1_227' title='bbox 600 2672 867 2726; x_wconf 85' lang='lat' dir='ltr'><strong>attonitae</strong></span> <span class='ocrx_word' id='word_1_228' title='bbox 896 2673 1110 2728; x_wconf 79' lang='lat' dir='ltr'><strong>Baccho</strong></span> <span class='ocrx_word' id='word_1_229' title='bbox 1133 2689 1356 2727; x_wconf 86' lang='lat' dir='ltr'><strong>nemora</strong></span> <span class='ocrx_word' id='word_1_230' title='bbox 1377 2673 1499 2726; x_wconf 82' lang='lat' dir='ltr'><strong>avia</strong></span> <span class='ocrx_word' id='word_1_231' title='bbox 1521 2677 1728 2727; x_wconf 79' lang='lat' dir='ltr'><strong>matres</strong></span> <span class='ocrx_word' id='word_1_232' title='bbox 1801 2689 1885 2729; x_wconf 72' lang='grc' dir='ltr'><strong>σεο</strong></span> 
     </span>
     <span class='ocr_line' id='line_1_36' title="bbox 168 2744 1819 2816; baseline 0.004 -20"><span class='ocrx_word' id='word_1_233' title='bbox 168 2744 445 2802; x_wconf 87' lang='lat' dir='ltr'><strong>Insultant</strong></span> <span class='ocrx_word' id='word_1_234' title='bbox 467 2746 675 2814; x_wconf 85' lang='lat' dir='ltr'><strong>thiasis,</strong></span> <span class='ocrx_word' id='word_1_235' title='bbox 686 2764 924 2816; x_wconf 90' lang='lat' dir='ltr'><strong>—neque</strong></span> <span class='ocrx_word' id='word_1_236' title='bbox 950 2748 1098 2802; x_wconf 89' lang='lat' dir='ltr'><strong>enim</strong></span> <span class='ocrx_word' id='word_1_237' title='bbox 1121 2749 1242 2803; x_wconf 86' lang='lat' dir='ltr'><strong>leve</strong></span> <span class='ocrx_word' id='word_1_238' title='bbox 1266 2765 1461 2804; x_wconf 87' lang='lat' dir='ltr'><strong>nomen</strong></span> <span class='ocrx_word' id='word_1_239' title='bbox 1490 2750 1819 2816; x_wconf 80' lang='lat' dir='ltr'><strong>Amatae,—</strong></span> 
     </span>
     <span class='ocr_line' id='line_1_37' title="bbox 172 2817 1589 2893; baseline 0.007 -25"><span class='ocrx_word' id='word_1_240' title='bbox 172 2817 428 2884; x_wconf 86' lang='lat' dir='ltr'><strong>Undique</strong></span> <span class='ocrx_word' id='word_1_241' title='bbox 462 2819 673 2875; x_wconf 87' lang='lat' dir='ltr'><strong>collecti</strong></span> <span class='ocrx_word' id='word_1_242' title='bbox 708 2828 919 2888; x_wconf 80' lang='lat' dir='ltr'><strong>coeunt,</strong></span> <span class='ocrx_word' id='word_1_243' title='bbox 956 2824 1306 2893; x_wconf 87' lang='lat' dir='ltr'><strong>Martemque</strong></span> <span class='ocrx_word' id='word_1_244' title='bbox 1341 2825 1589 2892; x_wconf 80' lang='lat' dir='ltr'><strong>fatigant.</strong></span> 
     </span>
     <span class='ocr_line' id='line_1_38' title="bbox 170 2889 1556 2968; baseline 0.01 -28"><span class='ocrx_word' id='word_1_245' title='bbox 170 2889 330 2942; x_wconf 87' lang='lat' dir='ltr'><strong>llicet</strong></span> <span class='ocrx_word' id='word_1_246' title='bbox 362 2891 644 2950; x_wconf 86' lang='lat' dir='ltr'><strong>infandum</strong></span> <span class='ocrx_word' id='word_1_247' title='bbox 679 2899 860 2952; x_wconf 89' lang='lat' dir='ltr'><strong>cuncti</strong></span> <span class='ocrx_word' id='word_1_248' title='bbox 896 2902 1088 2956; x_wconf 79' lang='lat' dir='ltr'><strong>contra</strong></span> <span class='ocrx_word' id='word_1_249' title='bbox 1122 2901 1302 2954; x_wconf 85' lang='lat' dir='ltr'><strong>omina</strong></span> <span class='ocrx_word' id='word_1_250' title='bbox 1337 2900 1556 2968; x_wconf 90' lang='lat' dir='ltr'><strong>bellum,</strong></span> 
     </span>
     <span class='ocr_line' id='line_1_39' title="bbox 170 2961 1568 3050; baseline 0.014 -38"><span class='ocrx_word' id='word_1_251' title='bbox 170 2961 379 3050; x_wconf 67' lang='lat' dir='ltr'><strong>Contra</strong></span> <span class='ocrx_word' id='word_1_252' title='bbox 410 2963 526 3017; x_wconf 80' lang='lat' dir='ltr'><strong>fata</strong></span> <span class='ocrx_word' id='word_1_253' title='bbox 560 2967 737 3036; x_wconf 88' lang='lat' dir='ltr'><strong>deum,</strong></span> <span class='ocrx_word' id='word_1_254' title='bbox 773 2987 1032 3038; x_wconf 81' lang='lat' dir='ltr'><strong>perverso</strong></span> <span class='ocrx_word' id='word_1_255' title='bbox 1066 2976 1288 3032; x_wconf 86' lang='lat' dir='ltr'><strong>numine</strong></span> <span class='ocrx_word' id='word_1_256' title='bbox 1321 2979 1568 3044; x_wconf 85' lang='lat' dir='ltr'><strong>poscunt.</strong></span> 
     </span>
     <span class='ocr_line' id='line_1_40' title="bbox 172 3033 1888 3118; baseline 0.015 -34"><span class='ocrx_word' id='word_1_257' title='bbox 172 3033 440 3088; x_wconf 77' lang='lat' dir='ltr'><strong>Certatim</strong></span> <span class='ocrx_word' id='word_1_258' title='bbox 475 3039 619 3104; x_wconf 84' lang='lat' dir='ltr'><strong>regis</strong></span> <span class='ocrx_word' id='word_1_259' title='bbox 655 3043 1007 3103; x_wconf 82' lang='lat' dir='ltr'><strong>circumstant</strong></span> <span class='ocrx_word' id='word_1_260' title='bbox 1043 3053 1193 3105; x_wconf 83' lang='lat' dir='ltr'><strong>tecta</strong></span> <span class='ocrx_word' id='word_1_261' title='bbox 1229 3051 1449 3118; x_wconf 86' lang='lat' dir='ltr'><strong>Latini;</strong></span> <span class='ocrx_word' id='word_1_262' title='bbox 1803 3069 1888 3109; x_wconf 72' lang='lat' dir='ltr'><strong>uss</strong></span> 
     </span>
    </p>

    <p class='ocr_par' dir='ltr' id='par_1_4' title="bbox 206 3106 1376 3194">
     <span class='ocr_line' id='line_1_41' title="bbox 206 3106 1376 3194; baseline 0.004 -18"><span class='ocrx_word' id='word_1_263' title='bbox 206 3106 277 3158; x_wconf 54' lang='lat'><strong>&#39;¹0</strong></span> <span class='ocrx_word' id='word_1_264' title='bbox 311 3109 463 3161; x_wconf 61' lang='lat' dir='ltr'><strong>velut</strong></span> <span class='ocrx_word' id='word_1_265' title='bbox 496 3112 671 3178; x_wconf 66' lang='lat' dir='ltr'>1³0¹an</span> <span class='ocrx_word' id='word_1_266' title='bbox 709 3134 873 3185; x_wconf 75' lang='lat' dir='ltr'><strong>rupes</strong></span> <span class='ocrx_word' id='word_1_267' title='bbox 910 3124 1117 3179; x_wconf 82' lang='lat' dir='ltr'><strong>inmota</strong></span> <span class='ocrx_word' id='word_1_268' title='bbox 1151 3127 1376 3194; x_wconf 82' lang='lat' dir='ltr'><strong>resistit,</strong></span> 
     </span>
    </p>
   </div>
  </div>
 </body>
</html>
