2163 3401
63 75 184 123 166
556 71 616 121 P.
655 71 960 120 VERGILI
994 71 1330 120 MARONIS

90 159 370 228 Instigant
405 156 622 226 studiis,
658 162 990 228 resonatque
1025 159 1337 226 fragoribus
1372 161 1577 214 aether.

85 237 170 290 -Hi
203 236 482 306 preprium
519 235 687 289 decus
723 240 782 288 et
819 240 1038 304 partum
1074 235 1429 303 indignantur
1462 238 1724 292 honorem

90 311 164 367 Ni
198 315 440 380 teneant,
477 311 759 379 vitamque
799 311 990 364 velunt
1027 329 1129 380 pre
1164 312 1327 366 laude
1361 315 1587 381 pacisci3
1734 331 1819 370 23⁰

90 389 211 443 IIos
247 403 528 443 successus
563 387 694 440 alit:
733 391 979 457 possunt,
1018 389 1148 458 quia
1180 405 1339 457 pesse
1372 391 1645 444 videntur.

91 466 164 519 Et
198 465 312 518 fers
347 465 596 532 aequatis
631 465 905 532 cepissent
941 467 1183 534 praemia
1218 467 1424 534 restris,

92 541 164 593 Ni
197 541 407 608 palmas
442 545 612 609 pente
649 541 886 595 tendens
923 547 1191 612 utrasque
1228 542 1528 597 Cloanthus

90 617 459 685 Fudissctquc
495 634 703 686 preceS,
743 618 1009 688 divosque
1045 619 1104 672 in
1141 623 1267 673 vota
1302 625 1573 674 vocasset:

89 693 176 760 Di,
204 693 403 762 quibus
437 695 708 762 inperium
745 696 927 764 pelagi
963 701 1064 763 est,
1098 713 1329 766 quorum
1365 713 1603 766 aequora
1632 712 1815 762 curro‘

91 770 262 823 Vobis
297 770 474 824 laetus
510 789 610 840 ege
647 773 748 826 hec
783 773 1112 827 candentem
1149 775 1204 827 in
1239 774 1401 828 litore
1436 778 1652 826 taurum

90 846 433 902 Censtituam
470 853 598 902 ante
635 866 772 916 araS,
810 850 924 902 voti
959 866 1103 917 reus,
1140 855 1378 920 extaque
1414 851 1583 904 salsos

91 923 385 982 Porriciam
421 927 476 978 in
513 925 710 979 fluctus
749 929 807 978 ct
843 927 968 980 vina
1004 926 1273 995 liquentia
1306 928 1545 982 fundam.

89 1001 259 1069 Dixit,
297 1019 532 1070 eumque
568 1004 692 1056 imis
709 1021 714 1026 ·
729 1002 832 1056 sub
871 1002 1129 1056 fluctibus
1163 1005 1337 1058 audiit
1370 1005 1545 1058 omnis

89 1075 391 1131 Nereidum
431 1079 734 1147 Phorcique
769 1079 966 1133 chorus
1005 1079 1364 1150 Panopeaque
1403 1081 1569 1149 virge,
1736 1096 1819 1134 240

89 1152 162 1206 Et
196 1158 356 1221 pater
391 1155 508 1223 ipse
543 1171 707 1208 manu
744 1172 941 1224 magna
978 1157 1253 1210 Portunus
1289 1159 1510 1211 euntem

92 1229 325 1297 Inpulit;
361 1230 456 1284 illa
491 1231 544 1282 N
547 1234 640 1284 ote
678 1232 842 1286 citius
877 1233 1192 1302 volucrique
1228 1234 1429 1302 sagitta

91 1306 184 1357 Ad
220 1309 422 1360 terram
459 1307 616 1376 fugit,
655 1311 714 1360 et
749 1312 915 1377 portu
953 1326 1012 1363 se
1049 1310 1293 1364 condidit
1326 1310 1455 1364 alto.
1496 1319 1541 1374 ὁ

89 1382 225 1435 Tum
262 1387 413 1436 satus
452 1385 709 1453 Anchisa,
748 1386 958 1440 cunetis
995 1403 1063 1440 ex
1100 1404 1253 1441 more
1293 1387 1510 1455 vocatis,

92 1458 368 1512 Victorem
406 1476 603 1528 magna
636 1463 920 1530 praeconis
956 1479 1087 1517 voce
1128 1463 1454 1518 Cloanthum
1734 1477 1826 1519 243

93 1534 362 1603 Declarat,
400 1536 669 1606 viridique
711 1538 932 1593 advelat
955 1542 1221 1608 ‘tempera
1254 1540 1437 1605 laur03
1512 1543 1519 1550 '

91 1611 433 1682 Muneraquc
469 1613 527 1666 in
563 1616 715 1668 navis
753 1619 940 1669 ternos
979 1619 1172 1684 optare
1207 1617 1459 1671 iuvencos

92 1686 340 1758 Vinaque
378 1694 436 1743 et
471 1692 690 1759 argenti
728 1710 986 1761 magnum
1026 1691 1127 1747 dat
1158 1694 1303 1747 ferro
1340 1693 1622 1747 talentum.

92 1765 234 1833 Ipsis
269 1768 590 1837 praecipuos
627 1768 948 1823 ductoribus
988 1769 1147 1823 addit
1180 1770 1441 1824 honores:

91 1841 300 1896 Victori
338 1844 677 1913 chlamydem
714 1849 980 1913 auratam,
1023 1862 1186 1914 quam
1214 1846 1451 1914 plurima
1474 1844 1678 1899 circum
1734 1858 1823 1900 sse

93 1917 340 1985 Purpura
377 1919 676 1974 Maeandro
713 1921 916 1990 duplici
955 1921 1227 1975 Meliboea
1262 1923 1516 1992 cucurrit,

96 1995 458 2062 Intextusquc
495 2014 632 2065 puer
666 1998 926 2051 frondosa
961 1998 1147 2066 regius
1186 1997 1291 2051 Ida

92 2070 306 2125 Velocis
343 2072 516 2126 iaculo
551 2090 738 2127 cervos
773 2092 1046 2144 cursuque
1079 2075 1290 2143 fatigat,

97 2150 255 2213 Acer,
291 2149 569 2203 anhelanti
607 2151 812 2218 similiS,
852 2168 1016 2220 quem
1053 2168 1280 2219 praepes
1316 2150 1387 2205 ab
1425 2152 1531 2205 Ida

93 2223 388 2280 Sublimem
425 2226 660 2294 pedibus
695 2228 880 2296 rapuit
918 2228 1066 2281 Ievis
1102 2228 1339 2295 armiger
1372 2228 1552 2292 uncis3
1740 2242 1824 2280 255

94 2300 364 2368 Longaevi
401 2302 610 2370 palmas
645 2305 977 2373 nequiquam
1013 2304 1087 2357 ad
1122 2304 1303 2357 sidera
1335 2304 1575 2357 tendunt

95 2376 376 2442 Custodes,
413 2380 696 2449 saevitque
737 2396 934 2433 canum
971 2380 1209 2434 latratus
1242 2381 1298 2433 in
1334 2397 1506 2436 auras

95 2454 174 2507 At
211 2455 304 2522 qui
343 2454 542 2509 deinde
579 2455 757 2510 lecum
795 2457 976 2511 tenuit
1010 2457 1217 2510 virtute
1254 2456 1565 2523 secundum,

95 2530 334 2585 Levibus
367 2532 494 2585 huic
531 2533 706 2587 hamis
743 2538 1052 2588 consertam
1086 2547 1333 2602 auroque
1368 2534 1601 2587 trilicem

93 2607 359 2675 Loricam,
398 2625 562 2677 quam
602 2610 865 2663 Demoleo
903 2610 1226 2664 detraxerat
1258 2610 1379 2677 ipse
1745 2622 1831 2663 mc

93 2682 287 2736 Victor
321 2684 468 2752 apud
507 2686 758 2753 rapidum
797 2687 1076 2740 Simoenta
1112 2685 1216 2739 sub
1254 2684 1358 2738 Ilio
1392 2686 1519 2750 alte,

94 2758 278 2810 Donat
313 2758 518 2812 habere
555 2761 692 2829 vire,
730 2762 898 2816 decus
937 2766 996 2815 et
1029 2764 1279 2815 tutamen
1314 2761 1371 2813 in
1408 2761 1585 2814 armis.

95 2830 205 2881 Vix
241 2830 389 2883 illam
424 2833 612 2887 famuli
650 2837 903 2905 Phegeus
941 2837 1271 2906 Sagarisque
1308 2836 1561 2891 ferebant

96 2903 473 2971 Multiplicem,
510 2910 726 2963 connixi
760 2912 1032 2977 humeris3
1065 2913 1293 2967 indutus
1330 2917 1389 2968 at
1424 2912 1555 2967 olim

97 2977 390 3031 Demoleos
425 2996 586 3035 cursu
621 2986 856 3051 palantis
893 2988 1062 3041 Troas
1098 2988 1310 3057 agebat.
1756 3004 1831 3041 m

98 3052 282 3103 Tertia
320 3050 462 3105 dona
493 3054 626 3109 facit
658 3061 905 3125 geminos
941 3079 1011 3115 ex
1047 3080 1176 3117 aere
1212 3064 1437 3131 lebetas,

101 3123 435 3193 cymbiaque
469 3134 696 3195 argento
730 3136 976 3201 perfecta
1009 3141 1179 3207 atquc
1214 3156 1407 3208 aspera
1440 3141 1623 3208 signis.
