2163 3401
123 94 218 144 150
595 90 656 141 P.
696 90 1003 140 VERGILI
1039 90 1372 140 MARONIS
1808 159 1815 168 .

119 171 197 225 Et
231 170 425 225 mediis
459 186 723 239 properas
758 170 1101 238 aquilonibus
1134 171 1217 225 ire
1251 188 1353 240 per
1386 171 1572 238 altum,
1768 188 1843 234 310

121 245 407 301 Crudelis?
466 246 644 310 Quid?
687 247 734 300 si
771 263 877 299 non
913 262 1044 299 arva
1079 247 1259 301 aliena
1294 247 1597 317 domosque

123 319 352 389 Ignotas
387 327 623 391 peteres,
661 326 719 376 et
755 322 916 376 Troia
951 323 1180 391 antiqua
1215 327 1477 390 maneret,

121 398 284 452 Troia
318 416 418 468 per
451 399 721 453 undosum
739 402 1043 468 'peteretur
1077 398 1340 454 classibus
1376 401 1619 469 aequor?

121 474 286 528 Mene
310 475 490 543 fugis?
518 475 627 529 Per
649 492 752 543 ego
776 476 876 529 has
893 476 1144 530 lacrimas
1162 475 1524 545 dextramque
1542 479 1697 531 tuam
1712 481 1842 532 te—

123 549 353 614 Quando
377 551 526 605 aliud
549 551 682 604 mihi
705 552 813 604 iam
840 552 1070 605 miserae
1095 552 1229 606 nihil
1254 553 1373 621 ipsa
1396 552 1667 621 reliqui—
1770 569 1841 608 315

123 625 232 680 Per
266 627 532 681 connubia
565 631 768 694 nostra,
805 646 907 697 per
941 628 1191 697 inceptos
1226 628 1565 697 hymenaeos,

122 702 181 756 Si
217 702 358 757 bene
395 703 529 771 quid
565 703 636 757 de
671 706 730 757 te
765 705 956 772 merui,
991 704 1100 758 fuit
1134 708 1231 759 aut
1267 704 1370 759 tibi
1406 706 1702 775 quiequam

122 780 294 833 Dulce
329 796 528 847 meum,
565 780 828 834 miserere
865 780 1058 834 domus
1081 780 1331 835 ⁴labentis
1366 784 1427 835 et
1460 782 1636 846 istam,

123 855 246 920 Oro,
284 856 328 909 si
367 857 488 925 quis
523 856 703 910 adhuc
736 856 988 924 precibus
1025 857 1189 925 locus,
1224 874 1365 911 exue
1398 861 1661 911 mentem.

123 931 200 985 Te
232 932 728 1001 proptereLibycae
761 936 958 1001 gentes
995 932 1416 1003 Nomadumque
1452 934 1667 1001 tyranni
1768 948 1839 987 32⁰

124 1007 322 1075 Odere,
357 1008 551 1062 infensi
591 1008 767 1078 Tyrii3
805 1012 864 1063 te
899 1014 1127 1078 propter
1161 1009 1395 1063 eundem

123 1084 439 1139 Exstinctus
474 1084 652 1154 pudor
687 1088 760 1152 et,
797 1102 906 1155 qua
941 1086 1055 1139 sola
1091 1085 1271 1140 sidera
1304 1085 1539 1152 adibam,

124 1160 295 1213 Fama
330 1162 492 1227 prior.
565 1160 664 1215 Cui
701 1177 790 1214 me
824 1161 1206 1215 moribundam
1242 1162 1464 1227 deseris,
1482 1162 1735 1235 hospes?

125 1237 249 1291 Hoc
284 1238 458 1292 solum
491 1254 688 1291 nomen
724 1239 978 1307 quoniam
1015 1239 1088 1294 de
1122 1240 1349 1308 coniuge
1382 1241 1573 1293 restat.

125 1314 271 1378 Quid
290 1316 506 1369 moror?
531 1331 600 1368 an
625 1332 747 1369 mea
772 1315 1087 1384 Pygmalion
1116 1315 1247 1369 dum
1272 1314 1485 1369 moenia
1504 1316 1682 1369 frater
1770 1330 1845 1369 325

125 1389 406 1459 Destruat‚
441 1394 541 1445 aut
577 1396 791 1460 captam
830 1392 994 1447 ducat
1032 1392 1298 1447 Gaetulus
1335 1391 1561 1448 Iarbas?

125 1466 331 1522 Saltem
369 1468 414 1521 si
451 1483 560 1536 qua
594 1467 726 1519 mihi
763 1467 836 1521 de
871 1472 930 1521 te
967 1472 1221 1537 suscepta
1256 1468 1453 1522 fuisset

127 1545 278 1598 Ante
314 1545 499 1613 fugam
537 1542 770 1611 suboleS,
805 1543 852 1597 si
889 1545 1012 1613 quis
1046 1544 1181 1598 mihi
1214 1545 1471 1614 parvulus
1506 1544 1632 1599 aula

126 1620 372 1674 Luderet
411 1622 646 1689 Aeneas,
683 1620 776 1689 qui
813 1624 871 1675 te
907 1624 1092 1675 tamen
1128 1638 1227 1675 ore
1260 1621 1510 1689 referret,

125 1697 177 1750 N
180 1715 246 1751 on
285 1697 540 1766 equidem
577 1698 794 1752 omnino
829 1703 990 1768 capta
1025 1715 1087 1752 ac
1122 1699 1346 1753 deserta
1382 1698 1611 1753 viderer.
1768 1712 1845 1752 830

194 1774 440 1828 Dixerat.
515 1774 619 1828 Ille
657 1775 803 1828 Iovis
837 1775 1058 1830 monitis
1092 1776 1301 1829 inmota
1334 1775 1563 1829 tenebat

127 1850 370 1917 Lumina,
409 1854 468 1906 et
502 1851 735 1905 obnixus
769 1867 954 1905 curam
991 1853 1093 1906 sub
1126 1851 1293 1906 corde
1327 1851 1629 1921 premebat.

127 1927 380 1980 Tandem'
403 1943 578 1995 pauca
610 1928 807 1982 refert:
849 1928 965 1996 Ego
999 1932 1072 1994 te,
1110 1944 1253 1996 quae
1285 1928 1519 1996 plurima
1552 1926 1719 1981 fando

127 2003 461 2056 Enumerare
497 2004 657 2066 valeS,
693 2020 1001 2072 numquam,
1042 2004 1271 2072 Regina,
1306 2003 1519 2072 negabo

130 2079 519 2142 I'romeritam3
557 2095 658 2132 nec
692 2095 780 2132 me
815 2080 1125 2133 meminisse
1160 2079 1374 2149 pigebit
1408 2080 1629 2149 Elissae,
1772 2095 1849 2134 835

128 2154 272 2207 Dum
308 2171 518 2208 memor
550 2155 668 2224 ipse
702 2155 826 2221 mei,
863 2155 995 2209 dum
1031 2157 1257 2226 spiritus
1291 2157 1391 2210 hos
1426 2157 1571 2224 regit
1605 2160 1776 2211 artus.

129 2230 238 2284 Pro
255 2248 317 2284 re
336 2247 508 2299 pauca
523 2231 734 2298 loquar.
807 2233 1002 2301 Neque
1019 2249 1123 2300 ego
1139 2232 1279 2286 hanc
1295 2232 1629 2286 abscondere
1643 2232 1799 2286 furto

129 2307 373 2376 Speravi,
407 2323 478 2361 ne
513 2306 672 2375 finge,
707 2308 911 2377 fugam,
946 2325 1046 2362 nec
1081 2308 1323 2377 coniugis
1356 2324 1617 2377 umquam

130 2382 428 2437 Praetendi
463 2383 657 2437 taedas
692 2388 788 2437 aut
822 2384 956 2438 haec
991 2385 1048 2437 in
1084 2383 1307 2439 foedera
1340 2384 1483 2440 veni.

129 2459 223 2512 Me
259 2460 304 2513 si
340 2460 455 2513 fata
490 2459 626 2512 meis
660 2464 984 2527 paterentur
1020 2461 1222 2514 ducere
1257 2461 1426 2516 vitam
1772 2473 1851 2514 ³40

132 2536 407 2605 Auspiciis
443 2540 500 2590 et
537 2539 730 2604 sponte
766 2553 890 2590 mea
925 2553 1232 2605 conponere
1266 2553 1437 2602 curas,

131 2611 340 2666 Urbem
379 2612 667 2667 Troianam
701 2612 936 2681 primum
972 2613 1258 2682 dulcisque
1292 2629 1538 2666 meorum

132 2687 414 2756 Reliquias
449 2688 700 2756 colerem,
739 2687 942 2743 Priami
977 2691 1127 2742 tecta
1160 2689 1274 2744 alta
1307 2692 1609 2755 manerent,

132 2762 206 2815 Et
239 2763 479 2816 recidiva
511 2780 678 2817 manu
712 2765 1014 2832 posuissem
1051 2764 1320 2833 Pergama
1353 2765 1525 2819 victis.

133 2835 246 2890 Sed
279 2853 422 2889 nunc
467 2838 685 2891 Italiam
721 2855 973 2907 magnam
1011 2839 1259 2908 Gryneus
1297 2841 1513 2910 Apollo,
1777 2855 1853 2894 345

136 2909 356 2962 Italiam
392 2910 588 2978 Lyciae
623 2913 830 2967 iussere
867 2932 1153 2984 capessere
1188 2921 1398 2981 sortes3

138 2984 245 3037 Hic
279 2995 446 3050 amor,
480 2984 615 3037 haec
649 2989 828 3054 patria
863 2994 962 3044 est.
1037 2992 1095 3045 Si
1128 2996 1189 3047 te
1228 2993 1585 3062 Karthaginis
1620 3009 1795 3058 arces,

138 3057 504 3125 Phoenissam,
542 3058 886 3132 Libycaeque
921 3071 1176 3135 aspectus
1211 3069 1426 3123 detinet
1458 3069 1629 3136 urbis,

207 3148 290 3186 ae
323 3133 565 3201 tandem,
602 3135 845 3192 Ausonia
879 3141 1116 3198 Teucros
1150 3145 1434 3200 considere
1468 3149 1637 3213 terra,
