<?xml version="1.0" encoding="UTF-8"?>
<!DOCTYPE html PUBLIC "-//W3C//DTD XHTML 1.0 Transitional//EN"
    "http://www.w3.org/TR/xhtml1/DTD/xhtml1-transitional.dtd">
<html xmlns="http://www.w3.org/1999/xhtml" xml:lang="en" lang="en">
 <head>
  <title>
</title>
<meta http-equiv="Content-Type" content="text/html;charset=utf-8" />
  <meta name='ocr-system' content='tesseract 3.04.00' />
  <meta name='ocr-capabilities' content='ocr_page ocr_carea ocr_par ocr_line ocrx_word'/>
</head>
<body>
  <div class='ocr_page' id='page_1' title='image "./operaexrecensio04virggoog/operaexrecensio04virggoog_0106.png"; bbox 0 0 2163 3401; ppageno 0'>
   <div class='ocr_carea' id='block_1_1' title="bbox 238 86 1483 141">
    <p class='ocr_par' dir='ltr' id='par_1_1' title="bbox 238 86 1483 141">
     <span class='ocr_line' id='line_1_1' title="bbox 238 86 1483 141; baseline -0.007 0"><span class='ocrx_word' id='word_1_1' title='bbox 238 95 299 141; x_wconf 86' lang='lat'>92</span> <span class='ocrx_word' id='word_1_2' title='bbox 712 89 769 135; x_wconf 83' lang='lat' dir='ltr'>P.</span> <span class='ocrx_word' id='word_1_3' title='bbox 808 86 1116 135; x_wconf 85' lang='lat' dir='ltr'><strong>VERGILI</strong></span> <span class='ocrx_word' id='word_1_4' title='bbox 1151 86 1483 133; x_wconf 84' lang='lat' dir='ltr'>MARONIS</span> 
     </span>
    </p>
   </div>
   <div class='ocr_carea' id='block_1_2' title="bbox 227 165 1951 3221">
    <p class='ocr_par' dir='ltr' id='par_1_2' title="bbox 238 165 1906 239">
     <span class='ocr_line' id='line_1_2' title="bbox 238 165 1906 239; baseline -0.001 -14"><span class='ocrx_word' id='word_1_5' title='bbox 238 172 415 239; x_wconf 89' lang='lat' dir='ltr'>Perge</span> <span class='ocrx_word' id='word_1_6' title='bbox 449 170 626 237; x_wconf 75' lang='lat' dir='ltr'>mode,</span> <span class='ocrx_word' id='word_1_7' title='bbox 664 172 832 237; x_wconf 84' lang='lat' dir='ltr'>atque</span> <span class='ocrx_word' id='word_1_8' title='bbox 868 168 993 220; x_wconf 90' lang='lat' dir='ltr'>hinc</span> <span class='ocrx_word' id='word_1_9' title='bbox 1028 171 1088 221; x_wconf 83' lang='lat' dir='ltr'>te</span> <span class='ocrx_word' id='word_1_10' title='bbox 1122 167 1344 235; x_wconf 88' lang='lat' dir='ltr'>reginae</span> <span class='ocrx_word' id='word_1_11' title='bbox 1380 165 1455 219; x_wconf 90' lang='lat' dir='ltr'>ad</span> <span class='ocrx_word' id='word_1_12' title='bbox 1487 166 1674 221; x_wconf 87' lang='lat' dir='ltr'>limina</span> <span class='ocrx_word' id='word_1_13' title='bbox 1705 168 1906 237; x_wconf 83' lang='lat' dir='ltr'><strong>perfer.</strong></span> 
     </span>
    </p>

    <p class='ocr_par' dir='ltr' id='par_1_3' title="bbox 235 244 1942 315">
     <span class='ocr_line' id='line_1_3' title="bbox 235 244 1942 315; baseline -0.001 -14"><span class='ocrx_word' id='word_1_14' title='bbox 235 248 487 315; x_wconf 83' lang='lat' dir='ltr'>Namque</span> <span class='ocrx_word' id='word_1_15' title='bbox 522 246 625 299; x_wconf 89' lang='lat' dir='ltr'>tibi</span> <span class='ocrx_word' id='word_1_16' title='bbox 660 245 890 298; x_wconf 83' lang='lat' dir='ltr'>reduces</span> <span class='ocrx_word' id='word_1_17' title='bbox 928 244 1098 297; x_wconf 90' lang='lat' dir='ltr'>socios</span> <span class='ocrx_word' id='word_1_18' title='bbox 1135 244 1475 313; x_wconf 86' lang='lat' dir='ltr'>classemque</span> <span class='ocrx_word' id='word_1_19' title='bbox 1505 244 1739 315; x_wconf 28' lang='lat' dir='ltr'>,relatam</span> <span class='ocrx_word' id='word_1_20' title='bbox 1773 272 1782 279; x_wconf 91' lang='lat'><strong>·</strong></span> <span class='ocrx_word' id='word_1_21' title='bbox 1868 260 1942 300; x_wconf 73' lang='lat'>39⁰</span> 
     </span>
    </p>

    <p class='ocr_par' dir='ltr' id='par_1_4' title="bbox 234 320 1668 388">
     <span class='ocr_line' id='line_1_4' title="bbox 234 320 1668 388; baseline -0.004 -10"><span class='ocrx_word' id='word_1_22' title='bbox 234 324 444 377; x_wconf 89' lang='lat' dir='ltr'>Nuntio</span> <span class='ocrx_word' id='word_1_23' title='bbox 480 328 539 377; x_wconf 91' lang='lat' dir='ltr'>et</span> <span class='ocrx_word' id='word_1_24' title='bbox 572 324 629 375; x_wconf 89' lang='lat' dir='ltr'>in</span> <span class='ocrx_word' id='word_1_25' title='bbox 664 325 847 375; x_wconf 85' lang='lat' dir='ltr'>tutum</span> <span class='ocrx_word' id='word_1_26' title='bbox 884 320 1056 373; x_wconf 86' lang='lat' dir='ltr'>versis</span> <span class='ocrx_word' id='word_1_27' title='bbox 1095 320 1441 388; x_wconf 82' lang='lat' dir='ltr'>aquilonibus</span> <span class='ocrx_word' id='word_1_28' title='bbox 1464 322 1668 387; x_wconf 83' lang='lat' dir='ltr'>actam,</span> 
     </span>
    </p>

    <p class='ocr_par' dir='ltr' id='par_1_5' title="bbox 234 396 1620 467">
     <span class='ocr_line' id='line_1_5' title="bbox 234 396 1620 467; baseline -0.002 -13"><span class='ocrx_word' id='word_1_29' title='bbox 234 400 311 454; x_wconf 83' lang='lat' dir='ltr'>Ni</span> <span class='ocrx_word' id='word_1_30' title='bbox 345 401 549 454; x_wconf 72' lang='lat' dir='ltr'>frustra</span> <span class='ocrx_word' id='word_1_31' title='bbox 585 399 873 467; x_wconf 83' lang='lat' dir='ltr'>augurium</span> <span class='ocrx_word' id='word_1_32' title='bbox 910 397 1035 450; x_wconf 84' lang='lat' dir='ltr'>vani</span> <span class='ocrx_word' id='word_1_33' title='bbox 1076 396 1312 450; x_wconf 84' lang='lat' dir='ltr'>docuere</span> <span class='ocrx_word' id='word_1_34' title='bbox 1349 402 1620 465; x_wconf 88' lang='lat' dir='ltr'>parentes.</span> 
     </span>
    </p>

    <p class='ocr_par' dir='ltr' id='par_1_6' title="bbox 236 473 1540 546">
     <span class='ocr_line' id='line_1_6' title="bbox 236 473 1540 546; baseline -0.003 -15"><span class='ocrx_word' id='word_1_35' title='bbox 236 478 442 546; x_wconf 81' lang='lat' dir='ltr'>Aspice</span> <span class='ocrx_word' id='word_1_36' title='bbox 476 478 560 529; x_wconf 89' lang='lat' dir='ltr'>bis</span> <span class='ocrx_word' id='word_1_37' title='bbox 598 492 755 528; x_wconf 87' lang='lat' dir='ltr'>senos</span> <span class='ocrx_word' id='word_1_38' title='bbox 790 474 1045 527; x_wconf 86' lang='lat' dir='ltr'>laetantis</span> <span class='ocrx_word' id='word_1_39' title='bbox 1083 473 1298 541; x_wconf 83' lang='lat' dir='ltr'>agmine</span> <span class='ocrx_word' id='word_1_40' title='bbox 1336 490 1540 543; x_wconf 74' lang='lat' dir='ltr'>cycnos,</span> 
     </span>
    </p>

    <p class='ocr_par' dir='ltr' id='par_1_7' title="bbox 236 550 1626 620">
     <span class='ocr_line' id='line_1_7' title="bbox 236 550 1626 620; baseline -0.002 -12"><span class='ocrx_word' id='word_1_41' title='bbox 236 554 502 608; x_wconf 82' lang='lat' dir='ltr'>Aetheria</span> <span class='ocrx_word' id='word_1_42' title='bbox 539 570 673 620; x_wconf 91' lang='lat' dir='ltr'>quos</span> <span class='ocrx_word' id='word_1_43' title='bbox 708 551 862 619; x_wconf 87' lang='lat' dir='ltr'>lapsa</span> <span class='ocrx_word' id='word_1_44' title='bbox 895 550 1059 618; x_wconf 83' lang='lat' dir='ltr'>plaga</span> <span class='ocrx_word' id='word_1_45' title='bbox 1097 550 1243 603; x_wconf 86' lang='lat' dir='ltr'>Iovis</span> <span class='ocrx_word' id='word_1_46' title='bbox 1280 551 1394 604; x_wconf 87' lang='lat' dir='ltr'>ales</span> <span class='ocrx_word' id='word_1_47' title='bbox 1431 554 1626 620; x_wconf 86' lang='lat' dir='ltr'>aperto</span> 
     </span>
    </p>

    <p class='ocr_par' dir='ltr' id='par_1_8' title="bbox 236 626 1947 695">
     <span class='ocr_line' id='line_1_8' title="bbox 236 626 1947 695; baseline -0.002 -12"><span class='ocrx_word' id='word_1_48' title='bbox 236 631 513 684; x_wconf 84' lang='lat' dir='ltr'>Turbabat</span> <span class='ocrx_word' id='word_1_49' title='bbox 549 630 697 683; x_wconf 88' lang='lat' dir='ltr'>caelo</span> <span class='ocrx_word' id='word_1_50' title='bbox 714 626 743 694; x_wconf 80' lang='lat'>3‘</span> <span class='ocrx_word' id='word_1_51' title='bbox 765 644 909 680; x_wconf 91' lang='lat' dir='ltr'>nunc</span> <span class='ocrx_word' id='word_1_52' title='bbox 947 626 1140 681; x_wconf 83' lang='lat' dir='ltr'>terras</span> <span class='ocrx_word' id='word_1_53' title='bbox 1165 628 1359 681; x_wconf 83' lang='lat' dir='ltr'>ordine</span> <span class='ocrx_word' id='word_1_54' title='bbox 1395 629 1554 695; x_wconf 86' lang='lat' dir='ltr'>longo</span> <span class='ocrx_word' id='word_1_55' title='bbox 1874 642 1947 681; x_wconf 77' lang='lat'>395</span> 
     </span>
    </p>

    <p class='ocr_par' dir='ltr' id='par_1_9' title="bbox 237 704 1766 775">
     <span class='ocr_line' id='line_1_9' title="bbox 237 704 1766 775; baseline -0.001 -14"><span class='ocrx_word' id='word_1_56' title='bbox 237 710 354 761; x_wconf 85' lang='lat' dir='ltr'>Aut</span> <span class='ocrx_word' id='word_1_57' title='bbox 390 725 583 775; x_wconf 86' lang='lat' dir='ltr'>capere</span> <span class='ocrx_word' id='word_1_58' title='bbox 619 709 716 760; x_wconf 80' lang='lat' dir='ltr'>aut</span> <span class='ocrx_word' id='word_1_59' title='bbox 752 709 937 774; x_wconf 84' lang='lat' dir='ltr'>captas</span> <span class='ocrx_word' id='word_1_60' title='bbox 972 704 1081 757; x_wconf 88' lang='lat' dir='ltr'>iam</span> <span class='ocrx_word' id='word_1_61' title='bbox 1120 704 1443 773; x_wconf 76' lang='lat' dir='ltr'>despectare</span> <span class='ocrx_word' id='word_1_62' title='bbox 1479 704 1766 759; x_wconf 80' lang='lat' dir='ltr'>videntur:</span> 
     </span>
    </p>

    <p class='ocr_par' dir='ltr' id='par_1_10' title="bbox 235 781 1478 850">
     <span class='ocr_line' id='line_1_10' title="bbox 235 781 1478 850; baseline -0.002 -13"><span class='ocrx_word' id='word_1_63' title='bbox 235 784 315 838; x_wconf 92' lang='lat' dir='ltr'>Ut</span> <span class='ocrx_word' id='word_1_64' title='bbox 351 784 579 837; x_wconf 76' lang='lat' dir='ltr'>reduces</span> <span class='ocrx_word' id='word_1_65' title='bbox 614 783 694 836; x_wconf 90' lang='lat' dir='ltr'>illi</span> <span class='ocrx_word' id='word_1_66' title='bbox 728 782 929 835; x_wconf 86' lang='lat' dir='ltr'>ludunt</span> <span class='ocrx_word' id='word_1_67' title='bbox 966 781 1328 835; x_wconf 83' lang='lat' dir='ltr'>stridentibus</span> <span class='ocrx_word' id='word_1_68' title='bbox 1364 782 1478 850; x_wconf 78' lang='lat' dir='ltr'>alis„</span> 
     </span>
    </p>

    <p class='ocr_par' dir='ltr' id='par_1_11' title="bbox 235 858 1590 927">
     <span class='ocr_line' id='line_1_11' title="bbox 235 858 1590 927; baseline 0 -15"><span class='ocrx_word' id='word_1_69' title='bbox 235 859 309 913; x_wconf 80' lang='lat' dir='ltr'>Et</span> <span class='ocrx_word' id='word_1_70' title='bbox 344 864 505 914; x_wconf 88' lang='lat' dir='ltr'>coetu</span> <span class='ocrx_word' id='word_1_71' title='bbox 539 860 760 914; x_wconf 80' lang='lat' dir='ltr'>cinxere</span> <span class='ocrx_word' id='word_1_72' title='bbox 794 860 993 927; x_wconf 89' lang='lat' dir='ltr'>polum,</span> <span class='ocrx_word' id='word_1_73' title='bbox 1030 862 1334 927; x_wconf 84' lang='lat' dir='ltr'>cantusque</span> <span class='ocrx_word' id='word_1_74' title='bbox 1371 858 1590 926; x_wconf 83' lang='lat' dir='ltr'>dedere,</span> 
     </span>
    </p>

    <p class='ocr_par' dir='ltr' id='par_1_12' title="bbox 235 934 1696 1005">
     <span class='ocr_line' id='line_1_12' title="bbox 235 934 1696 1005; baseline -0.001 -16"><span class='ocrx_word' id='word_1_75' title='bbox 235 936 405 990; x_wconf 84' lang='lat' dir='ltr'>Haud</span> <span class='ocrx_word' id='word_1_76' title='bbox 441 938 601 991; x_wconf 89' lang='lat' dir='ltr'>aliter</span> <span class='ocrx_word' id='word_1_77' title='bbox 635 952 953 1005; x_wconf 84' lang='lat' dir='ltr'>puppesque</span> <span class='ocrx_word' id='word_1_78' title='bbox 989 940 1119 989; x_wconf 85' lang='lat' dir='ltr'>tuae</span> <span class='ocrx_word' id='word_1_79' title='bbox 1154 934 1440 1004; x_wconf 85' lang='lat' dir='ltr'>pubesque</span> <span class='ocrx_word' id='word_1_80' title='bbox 1474 939 1696 988; x_wconf 90' lang='lat' dir='ltr'>tuorum</span> 
     </span>
    </p>

    <p class='ocr_par' dir='ltr' id='par_1_13' title="bbox 235 1011 1948 1081">
     <span class='ocr_line' id='line_1_13' title="bbox 235 1011 1948 1081; baseline 0 -16"><span class='ocrx_word' id='word_1_81' title='bbox 235 1016 354 1067; x_wconf 89' lang='lat' dir='ltr'>Aut</span> <span class='ocrx_word' id='word_1_82' title='bbox 388 1017 607 1081; x_wconf 86' lang='lat' dir='ltr'>portum</span> <span class='ocrx_word' id='word_1_83' title='bbox 645 1016 825 1081; x_wconf 90' lang='lat' dir='ltr'>tenet,</span> <span class='ocrx_word' id='word_1_84' title='bbox 851 1016 947 1066; x_wconf 89' lang='lat' dir='ltr'>aut</span> <span class='ocrx_word' id='word_1_85' title='bbox 982 1012 1144 1081; x_wconf 88' lang='lat' dir='ltr'>pleno</span> <span class='ocrx_word' id='word_1_86' title='bbox 1185 1011 1333 1066; x_wconf 83' lang='lat' dir='ltr'>subit</span> <span class='ocrx_word' id='word_1_87' title='bbox 1371 1013 1510 1067; x_wconf 87' lang='lat' dir='ltr'>ostia</span> <span class='ocrx_word' id='word_1_88' title='bbox 1544 1011 1678 1065; x_wconf 87' lang='lat' dir='ltr'>velo.</span> <span class='ocrx_word' id='word_1_89' title='bbox 1875 1026 1948 1065; x_wconf 78' lang='lat'>40⁰</span> 
     </span>
    </p>

    <p class='ocr_par' dir='ltr' id='par_1_14' title="bbox 235 1088 1823 1233">
     <span class='ocr_line' id='line_1_14' title="bbox 235 1088 1823 1157; baseline 0.001 -16"><span class='ocrx_word' id='word_1_90' title='bbox 235 1088 413 1157; x_wconf 85' lang='lat' dir='ltr'>Perge</span> <span class='ocrx_word' id='word_1_91' title='bbox 446 1090 625 1157; x_wconf 89' lang='lat' dir='ltr'>mod0‚</span> <span class='ocrx_word' id='word_1_92' title='bbox 662 1092 735 1155; x_wconf 89' lang='lat' dir='ltr'>et,</span> <span class='ocrx_word' id='word_1_93' title='bbox 773 1106 882 1157; x_wconf 89' lang='lat' dir='ltr'>qua</span> <span class='ocrx_word' id='word_1_94' title='bbox 917 1092 976 1142; x_wconf 90' lang='lat' dir='ltr'>te</span> <span class='ocrx_word' id='word_1_95' title='bbox 1012 1088 1167 1141; x_wconf 88' lang='lat' dir='ltr'>ducit</span> <span class='ocrx_word' id='word_1_96' title='bbox 1202 1090 1304 1155; x_wconf 87' lang='lat' dir='ltr'>via,</span> <span class='ocrx_word' id='word_1_97' title='bbox 1344 1088 1520 1157; x_wconf 88' lang='lat' dir='ltr'>dirige</span> <span class='ocrx_word' id='word_1_98' title='bbox 1555 1103 1823 1156; x_wconf 84' lang='lat' dir='ltr'>gressum.</span> 
     </span>
     <span class='ocr_line' id='line_1_15' title="bbox 302 1166 1568 1233; baseline 0.001 -15"><span class='ocrx_word' id='word_1_99' title='bbox 302 1166 472 1229; x_wconf 83' lang='lat' dir='ltr'>Dixit,</span> <span class='ocrx_word' id='word_1_100' title='bbox 511 1170 569 1219; x_wconf 90' lang='lat' dir='ltr'>et</span> <span class='ocrx_word' id='word_1_101' title='bbox 604 1169 857 1219; x_wconf 86' lang='lat' dir='ltr'>avertens</span> <span class='ocrx_word' id='word_1_102' title='bbox 893 1182 1051 1218; x_wconf 87' lang='lat' dir='ltr'>rosea</span> <span class='ocrx_word' id='word_1_103' title='bbox 1091 1166 1302 1219; x_wconf 86' lang='lat' dir='ltr'>cervice</span> <span class='ocrx_word' id='word_1_104' title='bbox 1338 1166 1568 1233; x_wconf 84' lang='lat' dir='ltr'>refulsit,</span> 
     </span>
    </p>

    <p class='ocr_par' dir='ltr' id='par_1_15' title="bbox 235 1239 1676 1311">
     <span class='ocr_line' id='line_1_16' title="bbox 235 1239 1676 1311; baseline -0.001 -15"><span class='ocrx_word' id='word_1_105' title='bbox 235 1242 670 1311; x_wconf 89' lang='lat' dir='ltr'>Ambrosiaeque</span> <span class='ocrx_word' id='word_1_106' title='bbox 707 1258 893 1295; x_wconf 91' lang='lat' dir='ltr'>comae</span> <span class='ocrx_word' id='word_1_107' title='bbox 930 1239 1174 1295; x_wconf 83' lang='lat' dir='ltr'>divinum</span> <span class='ocrx_word' id='word_1_108' title='bbox 1211 1244 1415 1297; x_wconf 84' lang='lat' dir='ltr'>vertice</span> <span class='ocrx_word' id='word_1_109' title='bbox 1449 1242 1676 1295; x_wconf 89' lang='lat' dir='ltr'>odorem</span> 
     </span>
    </p>

    <p class='ocr_par' dir='ltr' id='par_1_16' title="bbox 235 1318 1519 1387">
     <span class='ocr_line' id='line_1_17' title="bbox 235 1318 1519 1387; baseline 0 -14"><span class='ocrx_word' id='word_1_110' title='bbox 235 1319 535 1387; x_wconf 82' lang='lat' dir='ltr'>Spiravere,</span> <span class='ocrx_word' id='word_1_111' title='bbox 574 1318 745 1387; x_wconf 87' lang='lat' dir='ltr'>pedes</span> <span class='ocrx_word' id='word_1_112' title='bbox 783 1320 951 1373; x_wconf 83' lang='lat' dir='ltr'>vestis</span> <span class='ocrx_word' id='word_1_113' title='bbox 990 1318 1223 1373; x_wconf 86' lang='lat' dir='ltr'>defluxit</span> <span class='ocrx_word' id='word_1_114' title='bbox 1259 1320 1332 1373; x_wconf 86' lang='lat' dir='ltr'>ad</span> <span class='ocrx_word' id='word_1_115' title='bbox 1366 1319 1519 1386; x_wconf 88' lang='lat' dir='ltr'>imos,</span> 
     </span>
    </p>

    <p class='ocr_par' dir='ltr' id='par_1_17' title="bbox 233 1396 1950 1464">
     <span class='ocr_line' id='line_1_18' title="bbox 233 1396 1950 1464; baseline -0.001 -15"><span class='ocrx_word' id='word_1_116' title='bbox 233 1396 308 1449; x_wconf 78' lang='lat' dir='ltr'>Et</span> <span class='ocrx_word' id='word_1_117' title='bbox 344 1412 472 1449; x_wconf 85' lang='lat' dir='ltr'>vera</span> <span class='ocrx_word' id='word_1_118' title='bbox 504 1396 715 1449; x_wconf 87' lang='lat' dir='ltr'>incessu</span> <span class='ocrx_word' id='word_1_119' title='bbox 750 1397 930 1464; x_wconf 87' lang='lat' dir='ltr'>patuit</span> <span class='ocrx_word' id='word_1_120' title='bbox 967 1396 1085 1449; x_wconf 89' lang='lat' dir='ltr'>dea.</span> <span class='ocrx_word' id='word_1_121' title='bbox 1163 1396 1267 1449; x_wconf 87' lang='lat' dir='ltr'>Ille</span> <span class='ocrx_word' id='word_1_122' title='bbox 1303 1396 1397 1449; x_wconf 88' lang='lat' dir='ltr'>ubi</span> <span class='ocrx_word' id='word_1_123' title='bbox 1434 1398 1670 1449; x_wconf 87' lang='lat' dir='ltr'>matrem</span> <span class='ocrx_word' id='word_1_124' title='bbox 1873 1408 1950 1446; x_wconf 77' lang='lat'>405</span> 
     </span>
    </p>

    <p class='ocr_par' dir='ltr' id='par_1_18' title="bbox 234 1472 1580 1541">
     <span class='ocr_line' id='line_1_19' title="bbox 234 1472 1580 1541; baseline 0 -16"><span class='ocrx_word' id='word_1_125' title='bbox 234 1472 534 1541; x_wconf 85' lang='lat' dir='ltr'>Adgnovit,</span> <span class='ocrx_word' id='word_1_126' title='bbox 569 1473 667 1525; x_wconf 83' lang='lat' dir='ltr'>tali</span> <span class='ocrx_word' id='word_1_127' title='bbox 702 1473 1005 1541; x_wconf 85' lang='lat' dir='ltr'>fugientem</span> <span class='ocrx_word' id='word_1_128' title='bbox 1044 1476 1131 1526; x_wconf 88' lang='lat' dir='ltr'>est</span> <span class='ocrx_word' id='word_1_129' title='bbox 1167 1489 1298 1526; x_wconf 86' lang='lat' dir='ltr'>voce</span> <span class='ocrx_word' id='word_1_130' title='bbox 1335 1477 1580 1526; x_wconf 87' lang='lat' dir='ltr'>secutus:</span> 
     </span>
    </p>

    <p class='ocr_par' dir='ltr' id='par_1_19' title="bbox 234 1548 1698 1618">
     <span class='ocr_line' id='line_1_20' title="bbox 234 1548 1698 1618; baseline 0.001 -16"><span class='ocrx_word' id='word_1_131' title='bbox 234 1548 381 1613; x_wconf 83' lang='lat' dir='ltr'>Quid</span> <span class='ocrx_word' id='word_1_132' title='bbox 416 1553 605 1602; x_wconf 87' lang='lat' dir='ltr'>natum</span> <span class='ocrx_word' id='word_1_133' title='bbox 642 1549 863 1616; x_wconf 85' lang='lat' dir='ltr'>totiens,</span> <span class='ocrx_word' id='word_1_134' title='bbox 901 1549 1140 1603; x_wconf 88' lang='lat' dir='ltr'>crudelis</span> <span class='ocrx_word' id='word_1_135' title='bbox 1177 1554 1242 1603; x_wconf 86' lang='lat' dir='ltr'>tu</span> <span class='ocrx_word' id='word_1_136' title='bbox 1277 1566 1510 1618; x_wconf 90' lang='lat' dir='ltr'>quoque,</span> <span class='ocrx_word' id='word_1_137' title='bbox 1546 1549 1698 1603; x_wconf 85' lang='lat' dir='ltr'>falsis</span> 
     </span>
    </p>

    <p class='ocr_par' dir='ltr' id='par_1_20' title="bbox 234 1624 1756 1695">
     <span class='ocr_line' id='line_1_21' title="bbox 234 1624 1756 1695; baseline 0.001 -18"><span class='ocrx_word' id='word_1_138' title='bbox 234 1624 405 1679; x_wconf 90' lang='lat' dir='ltr'>Ludis</span> <span class='ocrx_word' id='word_1_139' title='bbox 441 1626 798 1695; x_wconf 71' lang='lat' dir='ltr'>imaginibus?</span> <span class='ocrx_word' id='word_1_140' title='bbox 835 1642 932 1679; x_wconf 89' lang='lat' dir='ltr'>cur</span> <span class='ocrx_word' id='word_1_141' title='bbox 968 1626 1200 1679; x_wconf 83' lang='lat' dir='ltr'>dextrae</span> <span class='ocrx_word' id='word_1_142' title='bbox 1237 1626 1464 1694; x_wconf 86' lang='lat' dir='ltr'>iungere</span> <span class='ocrx_word' id='word_1_143' title='bbox 1501 1624 1756 1679; x_wconf 77' lang='lat' dir='ltr'>dextram</span> 
     </span>
    </p>

    <p class='ocr_par' dir='ltr' id='par_1_21' title="bbox 234 1700 1678 1758">
     <span class='ocr_line' id='line_1_22' title="bbox 234 1700 1678 1758; baseline 0.002 -4"><span class='ocrx_word' id='word_1_144' title='bbox 234 1700 357 1756; x_wconf 85' lang='lat' dir='ltr'>Non</span> <span class='ocrx_word' id='word_1_145' title='bbox 394 1703 557 1756; x_wconf 88' lang='lat' dir='ltr'>datur</span> <span class='ocrx_word' id='word_1_146' title='bbox 592 1721 655 1758; x_wconf 89' lang='lat' dir='ltr'>ac</span> <span class='ocrx_word' id='word_1_147' title='bbox 689 1721 847 1757; x_wconf 85' lang='lat' dir='ltr'>veras</span> <span class='ocrx_word' id='word_1_148' title='bbox 884 1703 1076 1757; x_wconf 87' lang='lat' dir='ltr'>audire</span> <span class='ocrx_word' id='word_1_149' title='bbox 1115 1707 1174 1756; x_wconf 88' lang='lat' dir='ltr'>et</span> <span class='ocrx_word' id='word_1_150' title='bbox 1210 1703 1447 1757; x_wconf 87' lang='lat' dir='ltr'>reddere</span> <span class='ocrx_word' id='word_1_151' title='bbox 1483 1705 1678 1757; x_wconf 59' lang='lat' dir='ltr'>voces?</span> 
     </span>
    </p>

    <p class='ocr_par' dir='ltr' id='par_1_22' title="bbox 233 1778 1951 1847">
     <span class='ocr_line' id='line_1_23' title="bbox 233 1778 1951 1847; baseline 0 -17"><span class='ocrx_word' id='word_1_152' title='bbox 233 1778 452 1832; x_wconf 85' lang='lat' dir='ltr'>Talibus</span> <span class='ocrx_word' id='word_1_153' title='bbox 488 1780 716 1847; x_wconf 86' lang='lat' dir='ltr'>incusat,</span> <span class='ocrx_word' id='word_1_154' title='bbox 752 1795 1115 1847; x_wconf 88' lang='lat' dir='ltr'>gressumque</span> <span class='ocrx_word' id='word_1_155' title='bbox 1149 1779 1222 1832; x_wconf 84' lang='lat' dir='ltr'>ad</span> <span class='ocrx_word' id='word_1_156' title='bbox 1258 1780 1472 1833; x_wconf 88' lang='lat' dir='ltr'>moenia</span> <span class='ocrx_word' id='word_1_157' title='bbox 1507 1778 1702 1833; x_wconf 83' lang='lat' dir='ltr'>tendit.</span> <span class='ocrx_word' id='word_1_158' title='bbox 1877 1791 1951 1831; x_wconf 76' lang='lat'>410</span> 
     </span>
    </p>

    <p class='ocr_par' dir='ltr' id='par_1_23' title="bbox 233 1855 1566 1926">
     <span class='ocr_line' id='line_1_24' title="bbox 233 1855 1566 1926; baseline 0.003 -19"><span class='ocrx_word' id='word_1_159' title='bbox 233 1856 315 1908; x_wconf 90' lang='lat' dir='ltr'>At</span> <span class='ocrx_word' id='word_1_160' title='bbox 352 1855 538 1908; x_wconf 89' lang='lat' dir='ltr'>Venus</span> <span class='ocrx_word' id='word_1_161' title='bbox 574 1856 803 1910; x_wconf 86' lang='lat' dir='ltr'>obscuro</span> <span class='ocrx_word' id='word_1_162' title='bbox 838 1856 1143 1924; x_wconf 88' lang='lat' dir='ltr'>gradientis</span> <span class='ocrx_word' id='word_1_163' title='bbox 1179 1873 1309 1910; x_wconf 87' lang='lat' dir='ltr'>aere</span> <span class='ocrx_word' id='word_1_164' title='bbox 1345 1857 1566 1926; x_wconf 83' lang='lat' dir='ltr'>saepsit,</span> 
     </span>
    </p>

    <p class='ocr_par' dir='ltr' id='par_1_24' title="bbox 232 1930 1600 2001">
     <span class='ocr_line' id='line_1_25' title="bbox 232 1930 1600 2001; baseline 0.001 -18"><span class='ocrx_word' id='word_1_165' title='bbox 232 1930 307 1984; x_wconf 87' lang='lat' dir='ltr'>Et</span> <span class='ocrx_word' id='word_1_166' title='bbox 340 1933 511 1985; x_wconf 91' lang='lat' dir='ltr'>multo</span> <span class='ocrx_word' id='word_1_167' title='bbox 548 1932 781 1986; x_wconf 83' lang='lat' dir='ltr'>nebulae</span> <span class='ocrx_word' id='word_1_168' title='bbox 817 1934 1021 1986; x_wconf 82' lang='lat' dir='ltr'>circum</span> <span class='ocrx_word' id='word_1_169' title='bbox 1060 1933 1166 1986; x_wconf 87' lang='lat' dir='ltr'>dea</span> <span class='ocrx_word' id='word_1_170' title='bbox 1201 1933 1348 1986; x_wconf 89' lang='lat' dir='ltr'>fudit</span> <span class='ocrx_word' id='word_1_171' title='bbox 1383 1934 1600 2001; x_wconf 85' lang='lat' dir='ltr'>amictu,</span> 
     </span>
    </p>

    <p class='ocr_par' dir='ltr' id='par_1_25' title="bbox 234 2007 1780 2078">
     <span class='ocr_line' id='line_1_26' title="bbox 234 2007 1780 2078; baseline 0.001 -18"><span class='ocrx_word' id='word_1_172' title='bbox 234 2007 471 2060; x_wconf 89' lang='lat' dir='ltr'>Cernere</span> <span class='ocrx_word' id='word_1_173' title='bbox 507 2025 576 2062; x_wconf 88' lang='lat' dir='ltr'>ne</span> <span class='ocrx_word' id='word_1_174' title='bbox 613 2009 735 2076; x_wconf 87' lang='lat' dir='ltr'>quis</span> <span class='ocrx_word' id='word_1_175' title='bbox 771 2025 879 2076; x_wconf 78' lang='lat' dir='ltr'>eOS,</span> <span class='ocrx_word' id='word_1_176' title='bbox 915 2025 1021 2062; x_wconf 92' lang='lat' dir='ltr'>neu</span> <span class='ocrx_word' id='word_1_177' title='bbox 1060 2009 1184 2076; x_wconf 86' lang='lat' dir='ltr'>quis</span> <span class='ocrx_word' id='word_1_178' title='bbox 1227 2010 1542 2076; x_wconf 84' lang='lat' dir='ltr'>contingere</span> <span class='ocrx_word' id='word_1_179' title='bbox 1576 2010 1780 2078; x_wconf 84' lang='lat' dir='ltr'>posset,</span> 
     </span>
    </p>

    <p class='ocr_par' dir='ltr' id='par_1_26' title="bbox 232 2083 1705 2154">
     <span class='ocr_line' id='line_1_27' title="bbox 232 2083 1705 2154; baseline 0.001 -19"><span class='ocrx_word' id='word_1_180' title='bbox 232 2083 482 2137; x_wconf 87' lang='lat' dir='ltr'>Molirive</span> <span class='ocrx_word' id='word_1_181' title='bbox 518 2100 743 2152; x_wconf 88' lang='lat' dir='ltr'>moram,</span> <span class='ocrx_word' id='word_1_182' title='bbox 778 2089 875 2138; x_wconf 90' lang='lat' dir='ltr'>aut</span> <span class='ocrx_word' id='word_1_183' title='bbox 912 2084 1169 2138; x_wconf 85' lang='lat' dir='ltr'>veniendi</span> <span class='ocrx_word' id='word_1_184' title='bbox 1207 2101 1432 2154; x_wconf 89' lang='lat' dir='ltr'>poscere</span> <span class='ocrx_word' id='word_1_185' title='bbox 1469 2101 1705 2138; x_wconf 78' lang='lat' dir='ltr'>caussas.</span> 
     </span>
    </p>

    <p class='ocr_par' dir='ltr' id='par_1_27' title="bbox 232 2159 1949 2230">
     <span class='ocr_line' id='line_1_28' title="bbox 232 2159 1949 2230; baseline 0.001 -18"><span class='ocrx_word' id='word_1_186' title='bbox 232 2159 363 2228; x_wconf 87' lang='lat' dir='ltr'>Ipsa</span> <span class='ocrx_word' id='word_1_187' title='bbox 400 2159 647 2229; x_wconf 84' lang='lat' dir='ltr'>Paphum</span> <span class='ocrx_word' id='word_1_188' title='bbox 684 2161 925 2214; x_wconf 86' lang='lat' dir='ltr'>sublimis</span> <span class='ocrx_word' id='word_1_189' title='bbox 961 2161 1094 2226; x_wconf 89' lang='lat' dir='ltr'>abit,</span> <span class='ocrx_word' id='word_1_190' title='bbox 1133 2161 1403 2230; x_wconf 88' lang='lat' dir='ltr'>sedesque</span> <span class='ocrx_word' id='word_1_191' title='bbox 1433 2161 1625 2215; x_wconf 81' lang='lat' dir='ltr'>revisit</span> <span class='ocrx_word' id='word_1_192' title='bbox 1872 2175 1949 2214; x_wconf 75' lang='lat'>41⁵</span> 
     </span>
    </p>

    <p class='ocr_par' dir='ltr' id='par_1_28' title="bbox 230 2235 1764 2306">
     <span class='ocr_line' id='line_1_29' title="bbox 230 2235 1764 2306; baseline 0.002 -18"><span class='ocrx_word' id='word_1_193' title='bbox 230 2235 403 2290; x_wconf 82' lang='lat' dir='ltr'>Laeta</span> <span class='ocrx_word' id='word_1_194' title='bbox 438 2254 579 2304; x_wconf 87' lang='lat' dir='ltr'>suas,</span> <span class='ocrx_word' id='word_1_195' title='bbox 614 2237 709 2291; x_wconf 89' lang='lat' dir='ltr'>ubi</span> <span class='ocrx_word' id='word_1_196' title='bbox 746 2238 1013 2306; x_wconf 86' lang='lat' dir='ltr'>templum</span> <span class='ocrx_word' id='word_1_197' title='bbox 1049 2238 1144 2304; x_wconf 89' lang='lat' dir='ltr'>illi,</span> <span class='ocrx_word' id='word_1_198' title='bbox 1186 2243 1518 2306; x_wconf 87' lang='lat' dir='ltr'>centumque</span> <span class='ocrx_word' id='word_1_199' title='bbox 1554 2236 1764 2291; x_wconf 82' lang='lat' dir='ltr'>Sabaeo</span> 
     </span>
    </p>

    <p class='ocr_par' dir='ltr' id='par_1_29' title="bbox 230 2311 1772 2459">
     <span class='ocr_line' id='line_1_30' title="bbox 230 2311 1730 2383; baseline 0.004 -19"><span class='ocrx_word' id='word_1_200' title='bbox 230 2312 372 2366; x_wconf 85' lang='lat' dir='ltr'>Ture</span> <span class='ocrx_word' id='word_1_201' title='bbox 408 2313 586 2367; x_wconf 87' lang='lat' dir='ltr'>calent</span> <span class='ocrx_word' id='word_1_202' title='bbox 622 2331 750 2368; x_wconf 88' lang='lat' dir='ltr'>arae</span> <span class='ocrx_word' id='word_1_203' title='bbox 789 2315 1063 2383; x_wconf 89' lang='lat' dir='ltr'>sertisque</span> <span class='ocrx_word' id='word_1_204' title='bbox 1103 2315 1415 2368; x_wconf 88' lang='lat' dir='ltr'>recentibus</span> <span class='ocrx_word' id='word_1_205' title='bbox 1451 2314 1654 2367; x_wconf 82' lang='lat' dir='ltr'>halant.</span> <span class='ocrx_word' id='word_1_206' title='bbox 1688 2311 1730 2370; x_wconf 74' lang='grc'><strong>0</strong></span> 
     </span>
     <span class='ocr_line' id='line_1_31' title="bbox 299 2388 1772 2459; baseline 0 -16"><span class='ocrx_word' id='word_1_207' title='bbox 299 2388 625 2456; x_wconf 87' lang='lat' dir='ltr'>Corripuere</span> <span class='ocrx_word' id='word_1_208' title='bbox 661 2391 804 2443; x_wconf 78' lang='lat' dir='ltr'>viani</span> <span class='ocrx_word' id='word_1_209' title='bbox 839 2390 1067 2459; x_wconf 88' lang='lat' dir='ltr'>interea,</span> <span class='ocrx_word' id='word_1_210' title='bbox 1111 2408 1219 2459; x_wconf 86' lang='lat' dir='ltr'>qua</span> <span class='ocrx_word' id='word_1_211' title='bbox 1255 2392 1453 2446; x_wconf 89' lang='lat' dir='ltr'>semita</span> <span class='ocrx_word' id='word_1_212' title='bbox 1487 2394 1772 2444; x_wconf 85' lang='lat' dir='ltr'>monstrat.</span> 
     </span>
    </p>

    <p class='ocr_par' dir='ltr' id='par_1_30' title="bbox 230 2465 1712 2536">
     <span class='ocr_line' id='line_1_32' title="bbox 230 2465 1712 2536; baseline 0.001 -19"><span class='ocrx_word' id='word_1_213' title='bbox 230 2465 458 2532; x_wconf 79' lang='lat' dir='ltr'>Ianique</span> <span class='ocrx_word' id='word_1_214' title='bbox 494 2466 865 2520; x_wconf 88' lang='lat' dir='ltr'>ascendebant</span> <span class='ocrx_word' id='word_1_215' title='bbox 901 2468 1110 2536; x_wconf 89' lang='lat' dir='ltr'>collem,</span> <span class='ocrx_word' id='word_1_216' title='bbox 1151 2468 1247 2536; x_wconf 91' lang='lat' dir='ltr'>qui</span> <span class='ocrx_word' id='word_1_217' title='bbox 1283 2468 1550 2536; x_wconf 88' lang='lat' dir='ltr'>plurimus</span> <span class='ocrx_word' id='word_1_218' title='bbox 1584 2467 1712 2520; x_wconf 90' lang='lat' dir='ltr'>urbi</span> 
     </span>
    </p>

    <p class='ocr_par' dir='ltr' id='par_1_31' title="bbox 230 2540 1946 2614">
     <span class='ocr_line' id='line_1_33' title="bbox 230 2540 1946 2614; baseline 0.002 -22"><span class='ocrx_word' id='word_1_219' title='bbox 230 2540 491 2594; x_wconf 87' lang='lat' dir='ltr'>Imminet</span> <span class='ocrx_word' id='word_1_220' title='bbox 526 2541 893 2609; x_wconf 83' lang='lat' dir='ltr'>adversasque</span> <span class='ocrx_word' id='word_1_221' title='bbox 929 2544 1218 2612; x_wconf 84' lang='lat' dir='ltr'>adspectat</span> <span class='ocrx_word' id='word_1_222' title='bbox 1254 2544 1495 2614; x_wconf 88' lang='lat' dir='ltr'>desuper</span> <span class='ocrx_word' id='word_1_223' title='bbox 1527 2559 1696 2598; x_wconf 85' lang='lat' dir='ltr'>arces.</span> <span class='ocrx_word' id='word_1_224' title='bbox 1865 2557 1946 2595; x_wconf 73' lang='lat'>420</span> 
     </span>
    </p>

    <p class='ocr_par' dir='ltr' id='par_1_32' title="bbox 228 2615 1573 2688">
     <span class='ocr_line' id='line_1_34' title="bbox 228 2615 1573 2688; baseline 0.004 -20"><span class='ocrx_word' id='word_1_225' title='bbox 228 2615 466 2670; x_wconf 85' lang='lat' dir='ltr'>Miratur</span> <span class='ocrx_word' id='word_1_226' title='bbox 500 2617 699 2670; x_wconf 86' lang='lat' dir='ltr'>molem</span> <span class='ocrx_word' id='word_1_227' title='bbox 738 2620 971 2684; x_wconf 75' lang='lat' dir='ltr'>Aenea8‚</span> <span class='ocrx_word' id='word_1_228' title='bbox 1010 2620 1242 2688; x_wconf 86' lang='lat' dir='ltr'>magalia</span> <span class='ocrx_word' id='word_1_229' title='bbox 1279 2621 1573 2688; x_wconf 87' lang='lat' dir='ltr'>quondam,</span> 
     </span>
    </p>

    <p class='ocr_par' dir='ltr' id='par_1_33' title="bbox 228 2693 1700 2766">
     <span class='ocr_line' id='line_1_35' title="bbox 228 2693 1700 2766; baseline 0.003 -20"><span class='ocrx_word' id='word_1_230' title='bbox 228 2693 465 2747; x_wconf 90' lang='lat' dir='ltr'>Miratur</span> <span class='ocrx_word' id='word_1_231' title='bbox 499 2700 687 2762; x_wconf 85' lang='lat' dir='ltr'>portas</span> <span class='ocrx_word' id='word_1_232' title='bbox 724 2696 1127 2766; x_wconf 87' lang='lat' dir='ltr'>strepitumque</span> <span class='ocrx_word' id='word_1_233' title='bbox 1164 2700 1224 2751; x_wconf 89' lang='lat' dir='ltr'>et</span> <span class='ocrx_word' id='word_1_234' title='bbox 1261 2701 1437 2752; x_wconf 86' lang='lat' dir='ltr'>strata</span> <span class='ocrx_word' id='word_1_235' title='bbox 1471 2699 1700 2751; x_wconf 80' lang='lat' dir='ltr'>viarum.</span> 
     </span>
    </p>

    <p class='ocr_par' dir='ltr' id='par_1_34' title="bbox 229 2768 1548 2840">
     <span class='ocr_line' id='line_1_36' title="bbox 229 2768 1548 2840; baseline 0.005 -20"><span class='ocrx_word' id='word_1_236' title='bbox 229 2768 447 2820; x_wconf 88' lang='lat' dir='ltr'>Instant</span> <span class='ocrx_word' id='word_1_237' title='bbox 483 2770 741 2824; x_wconf 88' lang='lat' dir='ltr'>ardentes</span> <span class='ocrx_word' id='word_1_238' title='bbox 780 2772 924 2839; x_wconf 84' lang='lat' dir='ltr'>Tyrii</span> <span class='ocrx_word' id='word_1_239' title='bbox 959 2789 1088 2840; x_wconf 88' lang='lat' dir='ltr'>pars</span> <span class='ocrx_word' id='word_1_240' title='bbox 1125 2772 1328 2827; x_wconf 88' lang='lat' dir='ltr'>ducere</span> <span class='ocrx_word' id='word_1_241' title='bbox 1363 2790 1548 2828; x_wconf 85' lang='lat' dir='ltr'>muros</span> 
     </span>
    </p>

    <p class='ocr_par' dir='ltr' id='par_1_35' title="bbox 227 2841 1652 2912">
     <span class='ocr_line' id='line_1_37' title="bbox 227 2841 1652 2912; baseline 0.008 -20"><span class='ocrx_word' id='word_1_242' title='bbox 227 2841 516 2908; x_wconf 87' lang='lat' dir='ltr'>Molirique</span> <span class='ocrx_word' id='word_1_243' title='bbox 552 2861 730 2897; x_wconf 85' lang='lat' dir='ltr'>arcem</span> <span class='ocrx_word' id='word_1_244' title='bbox 768 2850 826 2900; x_wconf 91' lang='lat' dir='ltr'>ct</span> <span class='ocrx_word' id='word_1_245' title='bbox 862 2848 1113 2902; x_wconf 87' lang='lat' dir='ltr'>manibus</span> <span class='ocrx_word' id='word_1_246' title='bbox 1149 2848 1472 2903; x_wconf 72' lang='lat' dir='ltr'>subvolvere</span> <span class='ocrx_word' id='word_1_247' title='bbox 1507 2865 1652 2912; x_wconf 80' lang='lat' dir='ltr'>saxa,</span> 
     </span>
    </p>

    <p class='ocr_par' dir='ltr' id='par_1_36' title="bbox 228 2914 1948 2990">
     <span class='ocr_line' id='line_1_38' title="bbox 228 2914 1948 2990; baseline 0.009 -25"><span class='ocrx_word' id='word_1_248' title='bbox 228 2914 364 2967; x_wconf 82' lang='lat' dir='ltr'>Pars</span> <span class='ocrx_word' id='word_1_249' title='bbox 400 2921 590 2982; x_wconf 87' lang='lat' dir='ltr'>optare</span> <span class='ocrx_word' id='word_1_250' title='bbox 624 2919 799 2972; x_wconf 89' lang='lat' dir='ltr'>locum</span> <span class='ocrx_word' id='word_1_251' title='bbox 839 2926 985 2976; x_wconf 86' lang='lat' dir='ltr'>tecto</span> <span class='ocrx_word' id='word_1_252' title='bbox 1022 2928 1080 2977; x_wconf 89' lang='lat' dir='ltr'>et</span> <span class='ocrx_word' id='word_1_253' title='bbox 1117 2923 1441 2978; x_wconf 85' lang='lat' dir='ltr'>concludere</span> <span class='ocrx_word' id='word_1_254' title='bbox 1477 2925 1652 2990; x_wconf 87' lang='lat' dir='ltr'>sulco;</span> <span class='ocrx_word' id='word_1_255' title='bbox 1865 2941 1948 2982; x_wconf 62' lang='lat' dir='ltr'>aa</span> 
     </span>
    </p>

    <p class='ocr_par' dir='ltr' id='par_1_37' title="bbox 227 2989 1798 3069">
     <span class='ocr_line' id='line_1_39' title="bbox 227 2989 1798 3069; baseline 0.01 -29"><span class='ocrx_word' id='word_1_256' title='bbox 227 2989 361 3042; x_wconf 84' lang='lat' dir='ltr'>-Iura</span> <span class='ocrx_word' id='word_1_257' title='bbox 395 2990 855 3062; x_wconf 82' lang='lat' dir='ltr'>magistratusque</span> <span class='ocrx_word' id='word_1_258' title='bbox 891 2998 1083 3064; x_wconf 82' lang='lat' dir='ltr'>legunt</span> <span class='ocrx_word' id='word_1_259' title='bbox 1119 3004 1479 3069; x_wconf 82' lang='lat' dir='ltr'>sanctumque</span> <span class='ocrx_word' id='word_1_260' title='bbox 1517 3007 1798 3067; x_wconf 79' lang='lat' dir='ltr'>senat-um3</span> 
     </span>
    </p>

    <p class='ocr_par' dir='ltr' id='par_1_38' title="bbox 227 3063 1516 3132">
     <span class='ocr_line' id='line_1_40' title="bbox 227 3063 1516 3132; baseline 0.012 -18"><span class='ocrx_word' id='word_1_261' title='bbox 227 3063 335 3117; x_wconf 87' lang='lat' dir='ltr'>Hie</span> <span class='ocrx_word' id='word_1_262' title='bbox 366 3068 559 3132; x_wconf 88' lang='lat' dir='ltr'>portus</span> <span class='ocrx_word' id='word_1_263' title='bbox 594 3067 685 3119; x_wconf 83' lang='lat' dir='ltr'>alii</span> <span class='ocrx_word' id='word_1_264' title='bbox 717 3070 1005 3127; x_wconf 84' lang='lat' dir='ltr'>effodiunt:</span> <span class='ocrx_word' id='word_1_265' title='bbox 1039 3075 1129 3128; x_wconf 89' lang='lat' dir='ltr'>hic</span> <span class='ocrx_word' id='word_1_266' title='bbox 1163 3076 1276 3130; x_wconf 86' lang='lat' dir='ltr'>alta</span> <span class='ocrx_word' id='word_1_267' title='bbox 1311 3077 1516 3132; x_wconf 86' lang='lat' dir='ltr'>theatri</span> 
     </span>
    </p>

    <p class='ocr_par' dir='ltr' id='par_1_39' title="bbox 227 3137 1658 3221">
     <span class='ocr_line' id='line_1_41' title="bbox 227 3137 1658 3221; baseline 0.014 -32"><span class='ocrx_word' id='word_1_268' title='bbox 227 3137 607 3192; x_wconf 82' lang='lat' dir='ltr'>Fundamenta</span> <span class='ocrx_word' id='word_1_269' title='bbox 641 3139 823 3198; x_wconf 84' lang='lat' dir='ltr'>locant</span> <span class='ocrx_word' id='word_1_270' title='bbox 856 3146 967 3214; x_wconf 83' lang='lat' dir='ltr'>alii,</span> <span class='ocrx_word' id='word_1_271' title='bbox 998 3149 1343 3221; x_wconf 69' lang='lat' dir='ltr'>inmaniaque</span> <span class='ocrx_word' id='word_1_272' title='bbox 1377 3152 1658 3208; x_wconf 80' lang='lat' dir='ltr'>columnas</span> 
     </span>
    </p>
   </div>
   <div class='ocr_carea' id='block_1_3' title="bbox 2137 578 2144 1718">
    <p class='ocr_par' dir='ltr' id='par_1_40' title="bbox 2137 578 2144 1718">
     <span class='ocr_line' id='line_1_42' title="bbox 2137 578 2144 1718; baseline 0 0"><span class='ocrx_word' id='word_1_273' title='bbox 2137 578 2144 1718; x_wconf 95' lang='lat' dir='ltr'> </span> 
     </span>
    </p>
   </div>
   <div class='ocr_carea' id='block_1_4' title="bbox 2137 1929 2145 3246">
    <p class='ocr_par' dir='ltr' id='par_1_41' title="bbox 2137 1929 2145 3246">
     <span class='ocr_line' id='line_1_43' title="bbox 2137 1929 2145 3246; baseline 0 0"><span class='ocrx_word' id='word_1_274' title='bbox 2137 1929 2145 3246; x_wconf 95' lang='lat' dir='ltr'> </span> 
     </span>
    </p>
   </div>
  </div>
 </body>
</html>
