2163 3401
215 112 305 159 136
676 110 736 158 Ρ.
771 110 1080 159 VERGILI
1114 111 1221 159 MA
1229 110 1447 160 RONIS

209 192 301 245 Sol
335 192 448 245 ruit
482 190 698 244 interea
733 194 792 243 et
827 194 1040 245 montes
1075 191 1403 246 umbrantur
1437 192 1604 261 opaci.

209 267 517 321 Sternimur
551 272 776 336 optatae
810 268 1020 335 gremio
1057 268 1271 321 telluris
1306 269 1376 321 ad
1413 269 1633 339 undam,

210 343 401 398 Sortiti
438 360 629 405 remos,
664 346 977 413 passimque
1011 344 1068 397 in
1105 344 1265 399 litore
1302 346 1443 398 sicco
1840 362 1920 404 510

210 424 453 491 Corpora
490 436 773 485 curamus;
810 421 981 474 fessos
1018 437 1180 488 sopor
1214 422 1417 489 inrigat
1452 426 1623 476 artus».

209 498 458 552 Necdum
495 497 680 551 orbem
719 496 959 550 medium
997 498 1044 550 N
1052 514 1123 551 ox
1161 498 1307 551 horis
1341 502 1465 551 acta
1499 498 1747 553 subibat:

211 575 379 628 Haud
416 573 596 643 segnis
631 576 808 627 strato
841 574 1018 641 surgit
1055 574 1343 627 Palinurus
1379 576 1438 627 et
1472 574 1645 628 omnis

209 652 470 719 Explorat
507 653 714 715 ventos,
751 651 920 717 atque
955 649 1179 703 auribus
1214 666 1343 703 aera
1376 654 1593 718 captat3

209 728 404 781 Sidera
439 731 635 781 cuncta
669 731 826 780 notat
861 727 1030 779 tacito
1066 726 1309 780 labentia
1344 727 1508 791 caele,
1836 744 1914 783 515

209 805 509 857 Arcturum
544 804 865 873 pluviasque
905 803 1128 870 Hyadas
1162 802 1515 871 geminosque
1550 802 1792 869 Trione&

209 881 612 949 Armatumque
647 896 778 933 auro
815 878 1178 947 circumspicit
1215 878 1433 933 Oriona.

210 957 508 1026 Postquam
545 960 742 1010 cuncta
775 955 926 1009 videt
961 957 1109 1009 caelo
1145 960 1396 1009 constare
1432 971 1640 1023 serene,

208 1034 322 1088 Dat
355 1035 561 1087 clarum
598 1050 629 1087 e
663 1034 833 1102 puppi
867 1032 1109 1099 signum;
1143 1048 1241 1086 nos
1274 1035 1453 1085 castra
1486 1046 1779 1094 movemus,

209 1110 667 1178 Temptamusque
701 1110 846 1163 viam
882 1114 940 1162 et
977 1108 1218 1163 velorum
1254 1108 1544 1176 pandimus
1578 1094 1787 1167 alsab
1828 1133 1903 1173 520

209 1184 439 1254 Iamque
474 1184 800 1240 rubescebat
833 1185 1007 1239 stellis
1045 1186 1265 1238 Aurora
1296 1183 1515 1252 fugatis,

208 1261 344 1315 Cum
380 1261 568 1330 procul
603 1262 860 1315 obscuros
893 1261 1042 1315 collis
1077 1260 1447 1328 humilemque
1482 1260 1733 1313 videmus

210 1337 440 1391 Italiam.
515 1337 736 1391 Italiam
769 1336 980 1406 primus
1013 1336 1315 1390 conclamat
1351 1335 1609 1403 Achates,

209 1413 426 1467 Italiam
463 1414 609 1467 laeto
645 1414 775 1467 socii
810 1414 1044 1467 clamore
1079 1413 1336 1467 salutant.

207 1488 342 1542 Tum
379 1493 537 1558 pater
573 1489 839 1544 Anchises
873 1504 1131 1557 magnum
1166 1492 1379 1542 cratera
1411 1503 1609 1541 corona
1833 1503 1911 1543 εκ

209 1565 400 1619 Induit
432 1566 766 1635 inplevitque
803 1582 968 1634 mere,
1003 1565 1269 1633 divosque
1302 1564 1513 1619 vocavit

207 1641 369 1695 Stans
405 1643 549 1696 celsa
583 1641 642 1694 in
676 1643 873 1711 puppi:

206 1719 276 1772 Di
312 1721 478 1773 maris
514 1722 573 1773 et
608 1723 789 1772 terrae
827 1722 1329 1786 tempestatumque
1363 1720 1628 1788 potentes,

207 1795 376 1849 Ferte
412 1794 553 1849 viam
589 1799 752 1849 vento
787 1795 998 1849 facilem
1034 1798 1096 1849 et
1129 1795 1336 1864 spirate
1370 1795 1615 1867 secundi.-

207 1871 543 1926 Crebescunt
579 1875 799 1940 optatae
835 1889 1016 1938 aurae,
1050 1876 1353 1942 portusque
1388 1873 1621 1940 patescit
1830 1888 1910 1932 5³0

207 1947 325 1999 Iam
361 1949 592 2016 propior,
628 1948 1005 2018 templumque
1041 1948 1275 2017 adparet
1308 1949 1364 2002 in
1399 1965 1525 2002 arce
1558 1948 1858 2004 Minervae.

205 2021 344 2076 Vela
376 2023 568 2092 legunt
601 2024 746 2092 socii,
783 2030 841 2079 et
875 2041 1065 2094 proras
1100 2025 1174 2079 ad
1209 2026 1370 2080 litora
1404 2029 1676 2096 torquent.

206 2098 406 2154 Portus
441 2100 511 2154 ab
548 2101 728 2155 Euroo
764 2101 934 2156 fluctu
969 2105 1227 2156 curvatus
1260 2103 1317 2155 in
1354 2119 1565 2168 arcum3

205 2175 466 2231 Obiectae
503 2177 643 2230 salsa
678 2181 933 2245 spumant
968 2178 1297 2246 adspargine
1332 2182 1547 2244 cautes3

206 2253 334 2322 Ipse
369 2253 536 2319 latet3
571 2254 786 2322 gemino
823 2254 1124 2309 demittunt
1158 2255 1410 2309 bracchia
1444 2272 1598 2309 muro
1834 2273 1911 2314 535

203 2330 407 2383 Turriti
443 2329 663 2398 scopuli,
701 2330 1014 2400 refugitque
1049 2332 1120 2385 ab
1156 2332 1315 2386 litore
1348 2332 1628 2400 templum.

204 2405 474 2469 Quattuor
509 2406 610 2474 hic,
646 2407 883 2474 primum
919 2424 1091 2475 omen,
1129 2425 1299 2476 equos
1335 2409 1390 2462 in
1426 2408 1671 2476 gramine
1706 2407 1824 2462 vidi

203 2481 501 2536 Tondentis
537 2497 786 2552 campum
822 2483 949 2549 late,
987 2484 1223 2538 candore
1254 2484 1432 2540 nivali.

203 2558 288 2612 Et·
310 2561 469 2627 pater
508 2559 806 2612 Anchises:
845 2559 1072 2626 Bellum,
1111 2577 1143 2613 o
1178 2564 1330 2614 terra
1364 2560 1593 2628 hospita,
1628 2565 1846 2628 portas3

202 2634 356 2688 Bello
380 2638 663 2688 armantur
687 2635 830 2703 equi,
855 2634 1059 2690 bellum
1084 2635 1217 2690 haec
1240 2639 1489 2690 armenta
1510 2636 1805 2692 minantur.
1830 2651 1912 2691 510

202 2709 312 2762 Sed
346 2713 530 2764 tamen
565 2711 713 2764 idem
751 2711 878 2764 olim
914 2728 1078 2766 curru
1114 2713 1405 2767 succedere
1440 2713 1583 2766 sueti

202 2783 609 2853 Quadrupedes
647 2790 704 2840 et
738 2787 893 2840 frena
927 2788 1055 2856 iugo
1092 2790 1383 2843 concordia
1414 2790 1588 2843 ferre:

202 2857 338 2923 Spes
373 2862 432 2910 et
465 2860 626 2926 pacis,
663 2863 755 2916 ait.
828 2863 964 2916 Tum
999 2865 1220 2918 numina
1256 2869 1443 2919 sancta
1474 2881 1767 2934 precamur

203 2930 441 2984 Palladis
477 2935 791 3003 armisonae,
827 2957 969 3006 quae
1003 2941 1182 3009 prima
1218 2941 1428 3010 accepit
1463 2943 1695 3011 ovantis,

203 3004 278 3056 Et
312 3007 490 3093 capita,
523 3013 651 3062 ante
685 3029 806 3066 aras
847 3013 1081 3083 Phrygio
1118 3018 1363 3071 velamur
1398 3018 1635 3082 amictu;
1832 3033 1915 3074 54⁵

204 3078 630 3166 Praeceptlsque
665 3087 880 3157 Heleni,
917 3091 1151 3147 dederat
1186 3111 1325 3162 quae
1360 3110 1633 3161 maxuma,
1666 3095 1779 3150 rite

203 3149 400 3206 Iunom
437 3157 676 3223 Argivae
710 3162 884 3219 iussos
919 3167 1201 3223 adolemus
1233 3171 1482 3226 honores.
