2163 3401
217 131 246 177 4
280 154 288 162 -
673 131 731 178 Ρ.
777 127 1075 180 vERelm
1116 91 1454 178 MAaoms

213 207 260 262 Ο
297 209 534 263 formose
567 227 720 279 puer,
759 211 986 263 nimium
1030 226 1100 262 ne
1138 209 1303 264 crede
1337 209 1538 264 colori!

213 286 362 340 Alba
395 286 627 356 ligustra
662 288 880 356 cadunt,
916 287 1157 340 vaccinia
1192 287 1348 356 nigra
1381 287 1657 355 leguntur,

212 362 518 432 Despectus
555 363 658 418 tibi
695 381 829 430 sum,
866 381 980 430 nec,
1020 363 1115 431 qui
1152 363 1267 427 sim,
1306 363 1539 431 quaeris,
1579 364 1764 428 Alexi,

213 440 387 503 Quam
425 440 578 494 dives
613 441 839 510 pecoris,
875 438 1019 494 nivei
1057 456 1223 507 quam
1258 439 1416 492 lactis
1452 439 1777 508 abundans3
1884 457 1933 495 20

211 515 366 569 Mille
399 533 555 571 meae
594 517 790 571 Siculis
827 519 1014 570 errant
1050 515 1107 568 in
1143 515 1424 568 montibus
1461 533 1634 584 agnae
1661 537 1673 580 ;

212 591 320 646 Lac
354 592 488 646 mihi
524 609 631 646 non
667 596 882 648 aestate
919 609 1134 658 novum,
1170 607 1279 644 non
1316 592 1519 659 frigore
1558 591 1707 646 defit.

209 667 396 735 Caute,
435 685 575 737 quae
612 669 820 736 solitus,
857 669 904 722 si
941 667 1159 736 quando
1196 671 1445 720 armenta
1480 668 1729 735 vocabat,

210 744 486 814 Amphion
524 745 790 798 Dircaeus
825 745 881 798 in
919 746 1130 799 Actaeo
1172 743 1499 810 Aracyntho.

206 819 324 874 Nec
361 836 480 874 sum
516 820 656 874 adeo
691 821 969 875 informis:
1008 837 1185 889 nuper
1220 836 1308 872 me
1344 818 1402 872 in
1438 819 1599 873 litore
1634 821 1767 885 vidi,
1881 837 1928 876 25

207 895 344 950 Cum
379 896 653 965 placidum
690 897 869 951 ventis
905 900 1079 951 staret
1116 912 1303 962 mare3
1340 912 1447 948 non
1483 913 1585 963 ego
1622 896 1903 966 Daphnim

208 973 399 1027 Iudice
434 977 493 1027 te
526 977 784 1041 metuam,
821 973 866 1027 si
902 990 1202 1042 numquam
1237 971 1379 1026 fallit
1416 971 1611 1040 imago,

206 1047 252 1100 O
289 1053 508 1104 tantum
541 1049 712 1102 libeat
748 1066 960 1104 mecum
996 1049 1103 1104 tibi
1142 1048 1367 1103 sordida
1403 1066 1535 1103 rura

206 1127 398 1195 Atque
432 1126 650 1180 humilis
685 1127 937 1180 habitare
973 1142 1140 1195 casas,
1178 1129 1238 1180 et
1272 1126 1443 1194 figere
1480 1143 1683 1196 cervm,

206 1202 637 1272 Haedorumque
671 1220 896 1271 gregem
930 1202 1093 1257 viridi
1130 1204 1456 1271 compellere
1493 1201 1739 1257 hibisco!
1875 1217 1923 1257 so

203 1279 418 1332 Mecum
454 1295 562 1333 una
596 1280 651 1332 in
689 1280 838 1332 silvis
862 1278 1153 1334 imitabere
1196 1279 1345 1332 Pana
1382 1278 1643 1332 canende.

205 1353 319 1406 Pan
354 1354 562 1422 primus
596 1355 830 1408 calamos
865 1372 990 1409 cera
1027 1355 1358 1422 coniungere
1394 1355 1569 1424 pluris

203 1430 486 1496 Instituit;
527 1432 641 1486 Pan
677 1436 834 1486 curat
869 1433 984 1486 ovis
1021 1432 1312 1500 oviumque
1350 1432 1663 1499 magistros.

200 1506 252 1558 N
256 1523 317 1560 ec
351 1510 410 1561 te
445 1509 726 1576 poeniteat
762 1509 967 1563 calamo
1004 1509 1224 1563 trivisse
1262 1507 1555 1563 labellum:

201 1583 355 1638 Haec
390 1584 584 1639 eadem
620 1589 683 1640 ut
719 1587 898 1652 sciret,
935 1585 1070 1654 quid
1108 1601 1217 1637 non
1255 1583 1494 1637 faciebat
1532 1587 1838 1654 Amyntas?
1871 1599 1917 1640 35

199 1661 300 1715 Est
335 1661 465 1715 mihi
504 1661 814 1731 disparibus
851 1667 1065 1729 septem
1106 1663 1393 1728 compacta
1429 1660 1624 1715 cicutis

201 1736 429 1804 Fistula,
465 1736 763 1791 Damoetas
801 1737 943 1789 dono
978 1736 1111 1790 mihi
1152 1753 1317 1805 quam
1359 1736 1519 1791 dedit
1556 1738 1700 1807 olim,

199 1812 273 1867 Et
309 1812 452 1866 dixit
485 1813 751 1867 moriens:
791 1813 867 1866 Te
904 1829 1051 1866 nunc
1087 1813 1257 1867 habet
1293 1813 1403 1867 ista
1440 1813 1759 1869 secundum.

199 1889 357 1943 Dixit
381 1889 716 1952 Damoetas:
752 1888 950 1942 invidit
986 1889 1190 1943 stultus
1228 1891 1515 1958 Amyntas

201 1966 496 2020 Praeterea
531 1965 654 2031 du0,
690 1981 791 2019 nec
827 1968 953 2018 tuta
986 1965 1121 2018 mihi
1158 1966 1298 2019 valle
1334 1967 1558 2035 reperti,
1870 1980 1918 2021 40

199 2041 464 2111 Capreo}i‚
501 2040 702 2109 sparsis
739 2042 906 2095 etiam
943 2058 1088 2095 nunc
1123 2040 1361 2111 pellibus
1399 2042 1540 2111 albe,

198 2117 340 2172 Bina
374 2116 466 2171 die
500 2117 706 2170 siccant
741 2117 855 2170 ovis
889 2116 1098 2184 ubera;
1134 2135 1271 2187 quos
1306 2117 1412 2172 tibi
1448 2136 1619 2174 servo,

198 2194 320 2248 Iam
356 2192 572 2263 pridem
608 2210 641 2246 a
673 2210 762 2246 me
798 2193 919 2247 illos
957 2194 1233 2248 abducere
1270 2194 1544 2264 Thestylis
1580 2200 1738 2262 orat;

197 2271 271 2325 Et
302 2270 480 2337 faciet,
519 2270 774 2337 quoniam
813 2270 1042 2325 sordent
1079 2270 1186 2323 tibi
1223 2288 1453 2325 munera
1488 2277 1687 2327 nostra.

198 2346 324 2400 Huc
359 2346 506 2413 ades,
542 2363 575 2399 o
610 2348 846 2400 formose
881 2364 1051 2415 puer:
1090 2347 1195 2402 tibi
1232 2347 1348 2401 lilia
1383 2348 1559 2417 plenis
1869 2364 1915 2401 45

195 2424 335 2477 Ecce
369 2423 555 2476 ferunt
591 2422 877 2491 Nymphae
915 2424 1181 2491 calathis3
1219 2422 1324 2478 tibi
1362 2425 1596 2478 candida
1632 2426 1783 2493 Nais,

195 2499 460 2553 Pallentis
495 2498 665 2552 violas
700 2502 760 2551 et
797 2516 1010 2553 summa
1045 2518 1325 2570 papavera
1364 2518 1611 2569 carpem,

194 2575 508 2629 Narcissum
544 2578 603 2629 et
638 2574 828 2629 florem
863 2576 1042 2645 iungit
1079 2576 1222 2631 bene
1262 2577 1463 2631 olentis
1504 2577 1694 2631 anethi
1721 2598 1735 2643 ;

193 2651 344 2717 Tum,
381 2652 527 2705 casia
561 2653 730 2722 atque
769 2652 890 2707 aliis
928 2652 1185 2707 intexens
1224 2653 1484 2707 suavibus
1518 2652 1722 2721 herbis,

192 2726 382 2781 Mollia
415 2728 620 2782 luteola
651 2726 833 2797 pingit
869 2730 1109 2783 vaccinia
1144 2730 1340 2783 caltha.
1868 2742 1914 2781 σο

193 2803 323 2872 Ipse
359 2820 459 2873 ego
497 2820 633 2857 cana
660 2805 848 2879 legam
889 2810 1085 2860 tenera
1110 2806 1370 2873 lanugine
1405 2806 1564 2875 mala,

192 2880 599 2948 Castaneasque
633 2896 814 2949 nuces,
856 2898 978 2935 mea
1014 2899 1153 2951 quas
1195 2882 1495 2951 Amaryllis
1528 2882 1783 2947 amabat3

193 2954 417 3010 Addam
453 2972 610 3009 cerea
644 2973 856 3024 pruna:
891 2958 1064 3010 honos
1103 2959 1209 3011 erit
1247 2958 1374 3011 huic
1414 2974 1632 3026 quoque
1668 2974 1863 3027 pom03

191 3031 266 3085 Et
301 3048 410 3099 vos,
447 3048 479 3084 o
513 3031 668 3098 lauri,
693 3048 928 3101 carpam,
965 3037 1023 3086 et
1059 3037 1133 3100 te,
1168 3034 1417 3101 proxima
1449 3037 1644 3102 myrte,

191 3106 282 3161 Sic
314 3108 528 3175 positae
565 3107 824 3175 quoniam
861 3109 1043 3162 suavis
1077 3109 1320 3163 miscetis
1356 3111 1567 3164 odores,
1871 3121 1917 3162 5⁶

195 3183 454 3238 ¹'usticus
490 3200 565 3247 es,
605 3183 891 3251 Corydon:
929 3200 1030 3239 nec
1064 3200 1293 3239 munera
1327 3190 1485 3242 curat
1522 3187 1735 3256 Alexis,
