2163 3401
204 104 263 164 '78
676 112 735 161 P.
774 110 1087 159 VERGILI
1122 112 1456 161 MARONIS

201 192 509 255 Hauserat3
544 189 773 245 arebant
812 190 1034 259 herbae,
1071 195 1131 245 ct
1165 208 1295 245 cam
1331 192 1552 247 flumina
1585 195 1741 251 siccis

202 268 472 323 Faucibus
507 268 580 321 ad
615 267 803 321 limum
840 267 980 321 radii
1016 268 1292 338 tepefacta
1326 270 1660 339 coquebant:

202 350 339 404 Cum
377 345 611 399 Proteus
647 350 906 399 consueta
941 349 1136 416 petens
1174 364 1205 399 e
1241 346 1495 401 fluctibus
1529 351 1687 403 antra

201 426 359 491 Ibat3
395 440 520 479 eum
555 422 697 476 vasti
733 423 933 477 circum
970 440 1105 491 gens
1141 424 1365 477 humida
1398 425 1550 493 ponti
1839 441 1920 480 430

198 503 492 557 Exsultans
528 518 708 555 rorem
744 500 856 554 late
892 500 1163 570 dispergit
1197 517 1455 555 amarum.

199 580 465 634 Sternunt
500 596 559 633 se
595 594 781 631 somno
818 577 1067 632 diversae
1101 579 1157 631 in
1193 578 1354 631 litore
1387 577 1621 645 phooee3

199 657 343 726 Ipse,
379 657 529 711 velut
566 654 764 709 stabuli
801 658 983 709 eustos
1016 656 1072 709 in
1109 655 1384 709 montibus
1419 653 1562 721 olim,

197 732 413 803 Vesper
446 733 541 786 ubi
580 750 611 786 c
647 735 810 799 pastu
844 732 1045 786 vitulos
1080 732 1154 785 ad
1187 734 1338 785 tecta
1371 728 1582 783 reducit

207 810 533 878 Auditisque
568 809 725 878 lupos
762 811 963 863 acuunt
997 808 1270 862 balatibus
1303 807 1442 875 agni,
1837 820 1912 861 4⁴35

196 884 447 939 Considit
483 885 702 955 scopulo
740 886 969 955 medius,
1005 899 1400 953 numerumque
1435 887 1694 937 recenset.

197 960 363 1015 Cuius
402 963 657 1018 Aristaeo
699 962 951 1031 quoniam
988 964 1074 1016 est
1111 961 1296 1015 oblata
1329 960 1570 1025 facultaS,

197 1038 304 1090 Vix
340 1038 554 1091 defessa
591 1055 779 1091 senem
818 1054 1009 1107 passus
1044 1053 1352 1107 conponere
1385 1036 1643 1101 membra,

195 1113 331 1167 Cum
367 1115 603 1168 clamore
640 1113 753 1167 ruit
790 1131 1002 1182 magno,
1038 1114 1371 1182 manicisque
1403 1114 1669 1166 iacentem

194 1188 450 1259 Occupat.
526 1190 630 1243 Ille
667 1206 797 1243 suae
836 1195 1026 1244 contra
1059 1208 1167 1245 non
1203 1190 1470 1243 inmemor
1503 1188 1636 1242 artis
1831 1202 1905 1244 410

194 1266 389 1319 Omnia
424 1266 779 1319 transformat
818 1283 937 1320 sese
973 1267 1029 1319 in
1064 1266 1324 1320 miracula
1359 1282 1555 1331 rerum,

193 1342 509 1411 Izi-nemque,
536 1342 964 1410 horribilemque
987 1344 1176 1409 seram,
1201 1343 1532 1410 fluviumque
1555 1342 1879 1411 liquentem.

191 1417 399 1472 Verum
434 1419 528 1472 ubi
562 1418 711 1472 nulla
743 1418 929 1487 fugam
965 1419 1177 1488 reperit
1211 1418 1432 1484 fallacia,
1469 1418 1642 1471 victus

191 1495 260 1547 In
296 1512 414 1549 sese
448 1495 610 1563 redit,
646 1498 815 1564 atque
854 1494 1090 1549 hominis
1127 1495 1352 1549 tandem
1388 1511 1483 1547 ore
1518 1494 1756 1549 locutus:

188 1570 329 1625 Nam
368 1572 490 1641 quis
524 1581 597 1638 te,
634 1572 891 1625 iuvenum
930 1572 1404 1638 confidentissimo,
1439 1574 1652 1624 nostras
1826 1588 1900 1625 445

189 1646 359 1702 Iussit
382 1648 535 1702 adire
560 1648 784 1703 domos?
822 1648 1025 1718 quidve
1050 1648 1176 1703 hine
1199 1647 1374 1718 petis?
1404 1648 1594 1716 inquit.
1667 1648 1750 1703 At
1770 1648 1897 1704 ille:

187 1723 318 1792 Scis,
357 1725 577 1792 Protea,
616 1725 720 1778 scis
754 1726 903 1794 ipse;
939 1741 1118 1792 neque
1153 1730 1238 1778 cst
1267 1729 1326 1778 te
1358 1725 1547 1778 fallere
1578 1725 1898 1793 quicquam3

186 1799 299 1854 Sed
332 1803 394 1854 tu
431 1800 618 1856 desine
653 1801 807 1855 velle.
884 1801 1061 1854 Deum
1099 1806 1391 1870 praecepta
1427 1801 1600 1854 secuti

186 1875 465 1944 Venimu8‚
500 1877 624 1931 hinc
659 1877 816 1931 lassis
852 1878 1160 1946 quaesitum
1199 1877 1415 1930 oracula
1449 1876 1626 1930 rebus.

184 1952 417 2006 Tantum
456 1953 663 2008 effatus.
737 1954 832 2007 Ad
868 1954 1003 2007 haec
1038 1956 1194 2006 vates
1229 1954 1283 2006 vi
1319 1953 1556 2020 denique
1591 1953 1767 2008 multa
1823 1967 1899 2008 450

185 2029 450 2082 Ardentis
485 2031 667 2084 oculos
702 2030 927 2084 intorsit
962 2030 1166 2084 lumine
1203 2030 1440 2098 glauco,-

183 2104 256 2158 Et
289 2106 531 2173 graviter
564 2106 829 2160 frendens
866 2105 942 2161 sic
977 2107 1073 2159 fati
1080 2124 1108 2160 s
1146 2122 1243 2160 ora
1281 2107 1527 2160 resolvit:

252 2181 299 2234 N
307 2198 376 2234 on
412 2184 471 2235 te
505 2182 705 2236 nullius
744 2185 1003 2236 exercent
1039 2183 1277 2236 numinis
1312 2183 1439 2236 irae.

181 2256 383 2325 Magna
416 2259 519 2310 luis
555 2259 867 2313 commissa:
904 2257 1006 2312 tibi
1044 2258 1144 2311 has
1179 2258 1503 2312 miserabilis
1539 2261 1794 2328 Orpheus

183 2333 348 2387 Haud
384 2351 659 2404 quaquam
696 2334 767 2387 ob
806 2335 1062 2388 meritum
1103 2351 1320 2404 poenaS,
1355 2335 1411 2388 ni
1449 2335 1586 2388 Fata
1616 2335 1896 2402 resistant,

181 2409 433 2476 Suscitat,
472 2415 528 2464 et
562 2415 724 2479 rapta
758 2411 1004 2478 graviter
1042 2428 1143 2479 pro
1182 2411 1408 2480 coniuge
1445 2411 1629 2465 saevit.
1823 2428 1900 2465 456

180 2486 285 2540 Illa
320 2487 558 2556 quidem,
598 2486 729 2540 dum
765 2490 825 2541 te
860 2488 1080 2556 fugeret
1118 2505 1217 2556 per
1255 2488 1476 2541 flumina
1509 2501 1784 2556 praeceps,

180 2561 461 2618 Inmanem
498 2567 627 2617 ante
663 2563 831 2632 pedes
869 2563 1104 2632 hydrum
1143 2565 1410 2618 moritura
1443 2563 1623 2633 puella

178 2640 499 2694 Ser-vantem
535 2641 683 2709 ripas
718 2641 831 2694 alta
868 2657 971 2694 non
1013 2640 1153 2693 vidit
1187 2640 1244 2693 in
1281 2639 1486 2694 herbas

180 2715 259 2766 At
294 2715 489 2768 chorus
526 2717 769 2783 aequalis
806 2717 1085 2784 Dryadum
1123 2717 1360 2771 clamore
1397 2733 1676 2785 supremos
1823 2730 1899 2768 460

180 2787 466 2855 Inplerunt
501 2793 734 2855 montis;
770 2793 973 2844 flerunt
1016 2791 1370 2861 Rhodopeiae
1407 2809 1574 2860 crece,

182 2862 420 2930 Altaque
460 2865 726 2930 Pangaea,
764 2871 823 2918 ct
860 2867 1030 2920 Rhesi
1068 2867 1342 2921 Mavortia
1377 2867 1554 2935 tellus,

181 2937 368 3002 Atque
404 2937 593 3002 Getae,
632 2944 803 3006 atquc
842 2941 1081 3010 Hebrus,
1119 2946 1177 2996 et
1217 2943 1408 2996 Act-ias
1445 2942 1708 3010 Orithyia.

180 3009 323 3076 Ipse,
360 3026 491 3063 cava
525 3011 703 3063 solans
738 3029 960 3080 aegrum
996 3017 1276 3070 testudine
1314 3034 1568 3083 amorem,

180 3082 269 3150 Te,
307 3083 481 3137 dulcis
517 3086 763 3152 coniunx,
801 3093 859 3140 te
896 3091 1009 3143 solo
1042 3093 1101 3144 in
1137 3093 1296 3145 litore
1333 3109 1532 3156 seeum,
1822 3107 1901 3150 ωε

178 3156 257 3212 Te
289 3159 541 3214 veniente
576 3159 681 3223 die,
717 3170 777 3215 te
812 3161 1117 3220 decedente
1151 3167 1394 3224 canebat.
