2163 3401
206 90 263 137 46
658 84 718 133 P.
756 82 1067 131 VERGILI
1103 82 1434 131 MARONIS

194 166 486 235 Ingentem
520 165 669 219 caelo
707 165 946 219 sonitum
984 164 1170 229 dedit;
1205 163 1334 218 inde
1369 164 1591 218 secutus

194 242 301 297 Per
336 258 517 303 ramos
554 241 725 294 vietor
758 258 967 309 perque
1003 240 1118 294 alta
1155 242 1433 294 cacumina
1467 245 1676 311 regnat,

192 319 265 373 Et
302 323 479 373 totum
514 317 743 370 involvit
780 316 1012 371 flammis
1047 334 1254 385 nemus,
1291 322 1349 371 et
1385 320 1498 372 ruit
1533 324 1708 372 atram

192 396 289 449 Ad
326 396 534 449 caelum
570 394 725 462 picea
762 410 975 447 crassus
1012 393 1246 461 caligine
1281 394 1496 463 nubem,

194 471 523 525 Praesertim
545 471 608 523 ·si
645 474 947 539 tempestas
987 486 1021 523 a
1056 470 1263 523 vertice
1299 471 1448 525 silvis
1827 486 1916 525 810

193 549 467 615 Incubuit,
502 544 881 615 ‘glomeratque
918 546 1103 599 ferens
1140 546 1388 601 incendia
1422 554 1632 603 ventus.

192 624 315 677 Hoc
350 624 457 690 ubi,
494 641 601 677 non
636 640 671 676 a
708 624 883 692 stirpe
921 625 1107 679 valent
1143 640 1447 713 caesaeque
1481 624 1684 679 reverti

193 700 430 754 Possunt
466 704 633 768 atque
669 700 779 753 ima
812 700 1015 755 similes
1052 700 1386 755 revirescere
1421 705 1601 764 terra;

194 776 391 830 Infelix
428 780 652 845 superat
685 777 828 830 foliis
868 778 1105 832 oleaster
1139 778 1350 830 amaris,

260 853 377 906 Nec
401 852 503 905 tibi
528 856 640 906 tam
667 853 909 922 prudens
940 854 1230 923 quisquam
1253 853 1583 921 persuadeat
1605 856 1796 907 auctor
1825 868 1908 908 815

190 928 461 982 Tellurem
500 929 678 983 Borea
714 930 951 998 rigidam
993 930 1236 999 spirante
1271 946 1501 984 movere.

193 1002 344 1057 Rura
377 1006 506 1073 gelu
541 1008 671 1059 tunc
710 1006 917 1060 claudit
956 1008 1182 1075 hiemps,
1224 1023 1326 1060 nec
1359 1008 1564 1060 semiue
1599 1007 1742 1061 iacto

190 1081 512 1135 concretam
548 1082 759 1150 patitur
796 1082 1036 1137 radicem
1073 1083 1317 1150 adfigere
1351 1086 1548 1137 terrae.

190 1156 432 1225 Optuma
467 1157 663 1211 vinetis
702 1160 856 1226 satie,
896 1175 1019 1212 cum
1056 1176 1184 1213 vere
1219 1158 1442 1212 rubenti

190 1233 439 1287 Candida
472 1234 623 1287 venit
662 1236 777 1288 avis
814 1235 988 1303 longis
1026 1237 1200 1289 invisa
1236 1235 1486 1305 colubris,
1829 1251 1909 1292 320

192 1307 377 1363 Prima
407 1311 494 1365 vel
529 1328 575 1364 a
570 1304 777 1365 itumni
818 1278 938 1365 subo
958 1313 1177 1381 frigora,
1218 1329 1340 1365 cum
1377 1312 1600 1380 rapidus
1635 1311 1727 1366 Sol

191 1382 448 1439 Nondum
471 1380 705 1440 hiemem
735 1388 1003 1456 contingit
1034 1390 1205 1457 equis,
1237 1388 1345 1441 iam
1369 1389 1635 1457 praeterit
1657 1392 1854 1445 aestas.

192 1461 308 1516 Ver
342 1463 481 1520 adeo
515 1463 696 1518 frondi
738 1481 1036 1533 nemorum,
1083 1482 1180 1518 ver
1215 1464 1351 1518 utile
1387 1464 1550 1532 silvie,

191 1539 276 1589 V
245 1557 339 1593 ere
375 1544 593 1595 tument
630 1545 811 1596 terrae
854 1545 913 1596 et
947 1542 1210 1610 genitalia
1247 1542 1454 1595 semina
1488 1546 1732 1610 poscunt.

190 1616 341 1670 Tum.
362 1621 523 1685 pater
545 1620 883 1689 omnipotens
930 1619 1177 1673 fecundis
1217 1616 1482 1672 imbribus
1520 1619 1733 1674 Aether
1833 1634 1909 1674 325

190 1693 449 1762 Coniugis
481 1695 540 1748 in
576 1696 844 1764 gremium
882 1697 1061 1751 laetae
1106 1695 1404 1765 descendit,
1437 1700 1500 1754 et
1533 1696 1705 1751 omnis

190 1767 425 1837 Magnus
461 1772 573 1839 alit,
611 1789 804 1840 magno
850 1774 1177 1828 commixtus
1216 1790 1456 1842 corpore,
1494 1774 1652 1827 fetus

94 1857 117 1882 ⁹
191 1847 333 1900 Avia
366 1849 486 1900 tum
521 1854 777 1904 resonant
818 1851 1009 1904 avibus
1052 1850 1289 1918 virgulta.
1325 1849 1550 1917 canoriS,

8 3289 105 3360 k*

196 1922 263 1975 1⁴:t
302 1923 573 1977 Venerem
608 1927 778 1979 certis
816 1930 1077 1996 repetunt
1119 1931 1368 1980 armenta
1404 1926 1632 1992 diebus;

192 1998 439 2052 Parturit
475 1999 650 2054 almus
686 2019 830 2071 ager,
878 2002 1224 2073 Zephyrique
1263 2003 1582 2072 tepentibus
1616 2006 1764 2058 auris
1833 2018 1910 2057 seo

196 2075 404 2128 Laxant
440 2093 570 2130 arva
606 2078 787 2144 sinu33
828 2083 1073 2148 superat
1092 2083 1254 2133 tener
1289 2080 1538 2134 omnibus
1572 2079 1800 2147 humor3

192 2153 367 2220 Inque
402 2169 572 2230 novos
608 2155 747 2208 soles
784 2155 989 2210 audent
1026 2173 1086 2209 se
1121 2157 1368 2225 gramina
1401 2160 1524 2209 tuto

190 2229 459 2296 Creder30
494 2247 596 2285 nec
632 2232 831 2285 metuit
876 2234 1152 2320 surgentis
1187 2233 1475 2302 pampinus
1509 2239 1723 2286 austros

191 2306 310 2359 Aut
344 2311 527 2360 actum
562 2308 711 2362 caclo
750 2309 963 2376 magnis
1006 2309 1350 2377 aquilonibus
1385 2308 1634 2376 imbrem,
1684 2319 1688 2322 ’

190 2381 302 2435 Sed
339 2383 517 2436 trudit
551 2401 793 2451 gemmas
836 2388 896 2438 ct
932 2385 1156 2439 frondes
1201 2386 1438 2454 explicat
1473 2385 1658 2442 omnis.
1837 2401 1909 2440 835

191 2457 314 2511 Non
349 2458 482 2511 alios
517 2460 694 2527 prima
732 2462 1029 2515 crescentis
1073 2463 1286 2530 origine
1321 2461 1509 2515 mundi

194 2533 462 2589 inluxisse
500 2535 619 2589 dies
657 2535 890 2590 aliumve
929 2537 1187 2591 habuisse
1225 2541 1473 2592 tenorem

190 2611 560 2666 Crediderim:
598 2629 697 2666 ver
731 2613 868 2666 illud
906 2618 1043 2682 erat,
1080 2630 1178 2667 ver
1212 2631 1440 2682 magnus
1474 2614 1678 2682 agebat

192 2687 369 2754 Orbis,
408 2693 466 2742 et
501 2689 744 2743 hibernis
782 2690 1087 2759 parcebant
1128 2690 1351 2744 flatibus
1388 2690 1546 2743 Euri:

193 2763 333 2814 Oum
366 2765 576 2830 primae
613 2765 791 2819 lucem
826 2766 1067 2834 pecudes
1108 2765 1356 2832 hausere,
1393 2767 1683 2836 virumque
1841 2781 1918 2820 sm

196 2836 238 2887 Β
244 2852 403 2889 errea
440 2841 726 2904 progenies
766 2840 917 2894 duris
957 2846 1125 2910 caput
1161 2843 1361 2896 extulit
1397 2841 1556 2909 arvis,

199 2911 574 2978 Inmissaeque
611 2913 761 2966 ferae
801 2916 949 2968 silvis
988 2920 1046 2970 et
1085 2917 1268 2970 sidera
1305 2917 1470 2970 caelo.
1523 2921 1528 2924 ’

196 2986 249 3038 Ν
254 3003 315 3039 ec
350 3003 440 3039 res
474 2987 617 3039 hunc
650 2992 878 3042 tenerae
912 2998 1140 3059 possent
1174 2993 1424 3061 perferre
1460 2993 1724 3063 laborem,

197 3061 254 3114 Si
289 3076 398 3113 non
435 3065 592 3114 tanta
628 3064 786 3131 quies
821 3064 930 3119 iret
964 3069 1249 3136 frig-usque
1287 3068 1634 3136 caloremque
1871 3133 1876 3138 ,

202 3135 371 3203 Inter,
410 3138 468 3189 e*
503 3137 783 3207 exciperet
820 3141 954 3194 caeli
990 3143 1279 3211 indulgent
1283 3144 1333 3197 ia
1369 3147 1560 3198 terras.
1841 3160 1916 3201 8ss
