2163 3401
821 111 974 158 AEN
981 111 1187 160 EIDOS
1221 113 1357 162 LIB.
1395 113 1461 161 V.
1892 107 1984 160 181

287 189 492 244 Gaudia
523 193 904 259 pertemptant
939 195 1207 255 mentcm;
1244 193 1399 245 iubet
1434 191 1583 244 ocius
1620 189 1791 244 omnis

284 266 482 336 Attolli
519 267 706 334 malos,
744 267 954 320 intendi
993 266 1246 321 bracchia
1282 269 1428 321 velis.

283 343 405 399 Una
440 359 628 396 omnes
663 345 841 397 fecere
875 343 1091 412 pedem,
1126 346 1445 412 pariterque
1482 344 1743 409 sinistros,
1918 357 1991 398 830

281 419 440 472 Nunc
476 418 710 484 dextros,
739 421 950 482 solvere
986 420 1164 486 sinus;
1197 438 1305 473 una
1342 420 1515 472 ardua
1548 423 1809 488 torquent

281 497 494 550 Cornua
529 495 1000 566 detorquentque3
1036 497 1225 549 ferunt
1260 514 1357 550 sua
1392 497 1610 550 flamina
1644 496 1883 550 classem.

281 572 542 641 Princeps
579 578 708 626 ante
745 574 918 626 omnis
956 574 1186 626 densum
1227 573 1512 627 Palinurus
1548 573 1748 641 agebat

279 650 496 716 Agmen
514 669 526 714 ;
541 649 633 702 ·ad
669 649 812 704 hunc
848 650 938 702 alii
975 665 1195 703 cursum
1232 650 1561 704 contendere
1596 651 1745 705 iussi.

283 725 511 794 Iamque
547 725 664 779 fere
700 726 937 780 mediam
976 726 1112 779 caeli
1153 726 1276 778 Nox
1314 726 1539 780 humida
1574 732 1779 783 metam
1920 739 1993 782 836

279 801 631 868 Contigerat3
666 802 880 870 placida
915 803 1177 856 laxabant
1213 802 1459 856 membra
1496 805 1681 871 quiete

278 876 390 930 Sub
427 878 600 931 remis
635 879 742 933 fusi
777 896 876 947 per
915 878 1052 932 dura
1092 878 1283 932 sedilia
1319 883 1545 933 nautae:

279 954 415 1006 Cum
454 953 590 1007 levis
625 955 884 1008 aetheriis
923 955 1179 1023 delapsus
1218 955 1449 1009 Somnus
1483 956 1553 1009 ab
1590 957 1749 1010 astris

281 1032 430 1083 Aera
468 1029 697 1084 dimovit
732 1031 1085 1084 tenebrosum
1122 1035 1180 1084 et
1218 1031 1444 1099 dispulit
1480 1033 1714 1100 umbras,

279 1107 367 1172 Tc,
407 1106 682 1175 Palinure,
716 1110 925 1175 petens,
962 1108 1068 1161 tibi
1105 1109 1313 1161 somnia
1346 1109 1527 1162 tristia
1560 1113 1783 1178 portans
1922 1122 1995 1164 84⁰

281 1182 529 1251 Insoliti3
556 1183 836 1250 puppique
873 1183 1008 1236 deus
1046 1184 1293 1238 consedit
1328 1185 1383 1238 in
1418 1185 1543 1253 alta,

281 1258 584 1312 Phorbanti
621 1259 824 1326 similis,
862 1259 1157 1328 funditque
1190 1260 1293 1314 *has
1330 1279 1423 1316 ore
1462 1262 1728 1331 loquelas:

282 1335 469 1390 Iaside
506 1334 776 1403 Palinure,
815 1336 1000 1390 ferunt
1037 1336 1158 1405 ipsa
1193 1353 1433 1405 aequora
1470 1339 1693 1392 classem
1709 1330 1732 1403 ;‘

193 1463 199 1468 .
283 1414 576 1482 Aequatae
611 1411 820 1480 spirant
859 1429 1053 1477 aurae3
1088 1412 1256 1467 datur
1290 1413 1425 1466 hora
1462 1415 1649 1483 quieti.

283 1488 430 1542 Pone
467 1493 648 1557 caput,
685 1489 968 1556 fossosque
1003 1488 1187 1542 oculos
1224 1489 1408 1542 furare
1447 1489 1634 1541 labori.
1921 1502 1995 1542 84⁵

285 1566 308 1619 Ι
315 1582 412 1634 pse
448 1581 550 1632 ego
585 1564 862 1633 paulisper
893 1581 994 1632 pro
1031 1569 1091 1618 te
1126 1568 1224 1618 tua
1258 1581 1485 1618 munera
1518 1564 1682 1618 inibo.

285 1642 383 1696 Cui
417 1641 512 1694 vix
549 1639 805 1694 attollens
842 1641 1133 1694 Palinurus
1167 1641 1371 1694 lumina
1405 1641 1579 1695 satur:

285 1719 446 1773 Mene
485 1717 614 1772 salis
647 1717 846 1787 placidi
888 1718 1089 1771 voltum
1125 1717 1431 1787 fluctusque
1468 1719 1683 1787 quietos

287 1795 549 1863 Ignorare
584 1794 772 1849 iubes?
807 1811 967 1847 mene
1000 1794 1127 1848 huie
1165 1794 1438 1847 confidere
1475 1794 1753 1849 monstro?

287 1875 517 1925 Aenean
553 1869 771 1923 credam
809 1870 946 1939 quid
981 1870 1126 1923 enim
1163 1870 1443 1924 fallacibus
1480 1870 1627 1923 auris
1922 1880 1995 1921 85⁰

285 1947 359 2000 Et
393 1946 530 2001 caeli
566 1946 769 2000 totiens
806 1947 1069 2015 deceptus
1104 1946 1300 2000 fraude
1337 1947 1551 2001 sereni?

287 2023 434 2077 Talia
469 2022 620 2076 dieta
656 2023 838 2089 dabat,
876 2022 1197 2090 clavumque
1232 2023 1423 2077 affixus
1460 2028 1519 2077 et
1552 2023 1787 2077 haerens

286 2099 572 2169 Nusquam
609 2099 914 2165 amittebat,
951 2099 1241 2167 oculosque
1278 2099 1378 2151 sub
1416 2104 1565 2153 astra
1600 2098 1840 2153 tenebat.

287 2176 424 2230 Ecce
460 2176 599 2230 deus
634 2192 846 2229 ramum
884 2175 1127 2228 Lethaeo
1162 2193 1287 2231 rore
1322 2176 1631 2229 madentem

287 2253 332 2304 V
340 2253 469 2321 ique
505 2256 820 2320 soporatum
859 2252 1048 2319 Stygia
1084 2269 1250 2320 super
1284 2256 1518 2320 utraque
1555 2253 1778 2319 quassat
1926 2262 1997 2301 855
2081 2271 2089 2278 ·

286 2329 568 2399 Tempora,
604 2328 992 2397 cunctantique
1029 2329 1279 2382 natantia
1313 2328 1518 2381 lumina
1552 2327 1731 2383 solvit.

290 2406 398 2458 Vix
434 2406 640 2474 primos
676 2405 898 2474 inopina.
933 2406 1090 2473 quies
1128 2405 1409 2458 laxaverat
1448 2406 1626 2459 artus:

288 2482 360 2536 Et
395 2481 878 2550 superincumbens
917 2498 1038 2534 cum
1074 2481 1275 2549 puppis
1311 2485 1470 2550 parte
1504 2481 1713 2535 revolsa.

288 2558 539 2625 Cumque
572 2557 903 2625 gubernaclo
939 2556 1179 2624 liquidas
1216 2558 1451 2625 proiecit
1486 2558 1543 2610 in
1578 2556 1755 2609 undas

291 2632 652 2702 Praecipitem
689 2650 752 2687 ac
788 2634 958 2686 socios
995 2633 1326 2701 nequiquam
1364 2650 1527 2701 saepe
1562 2636 1871 2695 vocantem;
1926 2644 1998 2681 seo

291 2710 420 2779 Ipse
458 2710 646 2763 volans
681 2708 864 2763 tenuis
900 2726 960 2762 se
995 2709 1218 2762 sustulit
1254 2710 1367 2763 ales
1402 2709 1474 2761 ad
1511 2718 1693 2761 auras:

289 2784 480 2840 Currit
512 2786 622 2839 iter
658 2788 842 2840 tutum
877 2801 985 2838 non
1021 2785 1191 2839 setius
1228 2802 1465 2854 aequore
1500 2784 1701 2850 classis,

289 2861 690 2929 Promissisque
721 2860 900 2930 patris
937 2860 1183 2929 Neptuni
1220 2860 1474 2914 interrita
1507 2860 1713 2913 fertur..

286 2938 523 3006 Iamque
558 2936 698 2990 adeo
737 2937 984 3005 scopulos
1020 2936 1269 2990 Sirenum
1308 2936 1538 2988 advecta
1575 2933 1807 2999 subibat,

286 3013 536 3069 Difficilis
572 3013 846 3082 quondam
881 3012 1289 3077 multorumque
1325 3010 1539 3062 ossibus
1574 3008 1739 3074 albos,
1928 3017 2003 3055 885

285 3090 435 3147 Tum
462 3106 636 3145 rauca
665 3088 898 3142 adsiduo
931 3088 1095 3153 longe
1128 3087 1239 3139 sale
1276 3102 1408 3139 saxa.
1443 3083 1736 3136 sonabant:

284 3167 430 3226 Cum
462 3170 630 3240 pater
661 3164 862 3219 amisso
896 3162 1207 3217 fluitantem
1240 3176 1427 3213 errare
1462 3156 1727 3221 magistro
