2163 3401
197 114 292 159 3⁰4
601 108 659 154 Ρ.
699 102 1003 153 VERGILI
1035 100 1366 149 MARONIS

197 189 500 259 spumabat
531 188 697 256 ripi33
729 190 916 239 tantus
951 200 1012 237 se
1045 181 1283 235 nubibus
1314 182 1489 237 imber

197 267 462 335 Ruperat.
535 264 656 331 Ille,
691 263 883 315 innare
899 276 1137 329 parans,
1172 258 1399 311 infantis
1434 276 1623 315 amore

195 342 482 408 Tar-datur,
517 354 754 407 caroque
789 339 942 391 oneri
977 336 1156 389 timet.
1231 334 1426 388 Omnia
1462 354 1649 391 secum
1836 355 1909 394 σεο

195 418 454 472 Versanti
491 416 672 469 subito
708 414 800 468 vix
835 414 970 467 haec
1007 412 1286 465 sententia
1322 411 1491 465 sedit:

195 496 386 549 Telum
421 495 654 560 inmane,
690 507 854 543 manu
889 488 1070 541 valida
1109 488 1259 555 quod
1294 487 1437 540 forte
1472 488 1709 555 gerebat

198 571 453 638 Bellzztnr,
491 568 726 622 solidum
759 566 918 619 nodis
953 570 1014 617 et
1048 564 1247 617 robore
1283 567 1449 630 coct0,

199 648 342 701 Huic
377 650 578 712 natam,
615 643 755 697 libro
791 646 850 695 et
887 640 1127 695 silvestri
1166 639 1362 692 subere
1398 640 1654 707 clausam,

197 724 466 793 Implioet,
501 725 670 789 atque
705 718 942 772 habilem
965 716 1187 769 mediae
1210 715 1550 783 circumligat
1572 716 1800 785 hastae;
1835 737 1912 774 ⁵55

195 800 372 863 Quam
407 798 606 851 dextra
637 795 850 862 ingenti
885 794 1095 847 librans
1128 794 1213 846 ita
1250 791 1321 844 ad
1358 792 1586 845 aethera
1622 796 1801 851 fatur:

197 876 374 943 Alma,
408 874 515 929 tibi
548 874 700 939 hauc,
735 872 1042 924 nemorum'
1059 870 1275 935 cultrix,
1316 869 1549 921 Latonia
1584 872 1757 940 virgo,

195 951 324 1020 Ipse
359 955 522 1020 pater
553 949 813 1001 famulam
848 964 1042 1000 voveo:
1092 950 1191 998 tua
1225 945 1405 1014 prima
1436 964 1539 1013 per
1576 964 1739 1001 auras

193 1028 325 1082 Tela
357 1031 554 1081 tenens
589 1024 818 1094 supplex
853 1024 1070 1076 hostem
1107 1022 1266 1088 fugit.
1351 1023 1570 1091 Accipe,
1607 1027 1800 1091 testor,

193 1104 348 1171 Diva,
387 1107 555 1169 tuam,
594 1118 736 1169 quae
773 1117 918 1153 nunc
955 1099 1139 1152 dubiis
1176 1099 1540 1153 committitur
1574 1101 1739 1153 auris.
1832 1117 1909 1155 5oe

194 1179 363 1245 Dixit,
402 1183 461 1231 ct
495 1177 736 1229 adducto
772 1180 1084 1229 contortum
1119 1174 1317 1227 hastile
1351 1174 1556 1229 lacerto

195 1255 464 1308 Inmittit:
501 1269 734 1305 sonuere
769 1252 981 1318 undae3
1017 1250 1273 1320 rapidum
1312 1268 1475 1320 super
1508 1266 1727 1306 amnem

195 1331 396 1384 Infelix
432 1329 578 1397 fug-it
611 1329 668 1381 in
702 1328 879 1382 iaculo
915 1328 1188 1382 stridente
1228 1327 1469 1381 Camilla.

196 1410 278 1461 At
315 1405 586 1475 MetabuS,
623 1422 822 1473 magna
853 1404 1081 1474 propius
1118 1404 1229 1457 iam
1267 1408 1536 1471 urguente
1572 1410 1815 1477 caterva,
1866 1421 1873 1427 ·

193 1485 305 1537 Dat
344 1501 464 1537 sese
499 1482 680 1551 fluvio,
717 1485 885 1550 atque
923 1481 1138 1536 hastam
1176 1497 1298 1533 cum
1338 1481 1545 1548 virgine
1582 1482 1761 1536 victor
1836 1498 1913 1537 δας

194 1561 488 1614 Gramineo
525 1558 729 1612 donum
767 1558 980 1610 Triviae
1017 1556 1089 1608 de
1126 1558 1365 1625 caespite
1400 1556 1564 1612 vellit.

193 1636 246 1687 N
248 1653 318 1689 on
354 1637 508 1689 illum
543 1636 708 1688 tectis
741 1634 902 1702 ullae,
928 1650 1037 1686 non
1073 1632 1360 1687 moenibus
1396 1634 1556 1687 urbes

196 1716 492 1782 Accepere,
529 1729 710 1780 neque
745 1713 864 1780 ipsc
898 1727 1090 1764 manus
1126 1711 1347 1764 feritate
1385 1711 1661 1768 dedisset:

197 1791 486 1842 Pastorum
523 1793 582 1842 et
619 1789 746 1842 solis
783 1788 970 1855 exegit
1005 1785 1286 1840 montibus
1323 1805 1531 1842 aevum.

195 1866 303 1918 Hic
337 1869 522 1918 natam
557 1865 615 1918 in
651 1863 832 1918 dumis
866 1864 1123 1932 interque
1158 1863 1442 1920 horrentia
1476 1866 1653 1919 lustra
1834 1881 1913 1924 5⁷0

195 1941 534 1993 Armentalis
569 1957 748 2008 equae
781 1941 1034 1994 mammis
1071 1943 1132 1992 et
1167 1939 1312 1993 lacte
1348 1941 1521 1994 ferino

193 2017 246 2069 N
249 2015 474 2084 utribat‚
513 2015 720 2068 teneris
755 2016 1063 2084 inmulgens
1100 2014 1273 2069 ubera
1306 2016 1487 2070 labris,

195 2093 384 2162 thue
419 2092 624 2161 pedum
659 2093 852 2162 primis
883 2093 1063 2146 infans
1094 2092 1327 2160 vestigia
1356 2093 1556 2161 plantis

196 2171 502 2239 Institerat,
539 2169 715 2223 iaculo
749 2169 960 2240 palmas
995 2169 1231 2222 armavit
1266 2173 1439 2237 acute,

195 2247 525 2317 Spiculaque
551 2264 621 2300 ex
644 2247 874 2300 humero
897 2261 1099 2315 parvae
1124 2245 1410 2315 suspendit
1433 2250 1491 2300 et
1514 2261 1717 2301 arcum.
1834 2263 1912 2305 5⁷³

195 2324 304 2378 Pro
341 2324 530 2378 crinali
567 2341 714 2392 auro,
750 2340 850 2393 pro
886 2322 1079 2391 longae
1118 2323 1365 2390 tegmine
1400 2323 1587 2392 pallae,

195 2400 434 2469 Tigridis
471 2401 700 2462 exuviae
733 2417 837 2468 per
873 2400 1093 2453 dorsum
1130 2415 1163 2452 a
1199 2400 1402 2452 vertice
1436 2398 1692 2468 pendent.

195 2477 325 2530 Tela
360 2493 523 2530 manu
557 2476 666 2530 iam
703 2479 823 2529 tum
858 2480 1050 2530 tenera
1086 2475 1319 2544 puerilia
1355 2476 1530 2543 torsit,

195 2553 271 2607 Et
304 2555 529 2608 ftmdam
565 2552 734 2606 tereti
771 2553 972 2606 circum
1009 2555 1178 2621 caput
1212 2551 1327 2620 egit
1360 2551 1587 2619 habena,

197 2629 678 2700 Strymoniamque
699 2646 910 2698 gruem,
937 2631 1034 2682 aut
1058 2627 1241 2681 album
1269 2628 1471 2683 deiecit
1493 2627 1714 2682 olorem.
1830 2643 1908 2682 seo

195 2705 408 2762 Multae
444 2707 591 2761 illam
625 2707 833 2760 frustra
870 2706 1149 2774 Tyrrhena
1184 2721 1284 2773 per
1312 2704 1522 2775 'oppida
1556 2707 1763 2758 matres

197 2781 474 2849 Optavere
511 2799 738 2847 nurum3
776 2783 890 2836 sola
927 2785 1185 2835 contenta
1217 2781 1392 2834 Diana

197 2857 503 2912 Aeternum
540 2859 774 2912 telorum
812 2863 871 2911 et
905 2859 1237 2927 virginitatis
1272 2873 1512 2910 amorem

199 2930 538 2986 Intemerata
573 2934 717 2987 colit.
792 2933 1008 2987 Vellem
1044 2933 1195 2988 haud
1232 2937 1482 3001 correpta
1516 2933 1712 2987 fuisset

197 3003 402 3058 Militia
433 3008 547 3072 tali,
585 3014 778 3062 conata
811 3010 1080 3062 lacessere
1118 3011 1375 3064 Teucros:
1828 3023 1901 3061 680

199 3077 338 3127 Cata
375 3077 507 3126 mihi
543 3082 914 3146 comitumque
949 3084 1095 3136 soret
1130 3102 1273 3137 nunc
1306 3102 1416 3136 una
1451 3099 1712 3137 mearum.

198 3141 408 3194 Verum
441 3161 558 3208 age,
596 3151 1038 3216 quandoquidem
1073 3156 1205 3208 fatis
1238 3163 1508 3224 urguetur
1540 3157 1769 3221 acerbis,
