2163 3401
126 89 185 135 88
577 84 635 131 P.
682 78 986 131 VERGILI
1022 82 1358 133 MARONIS

124 169 466 238 Adloquitur
491 167 706 221 Venus:
753 165 798 220 Ο
826 167 921 237 qui
944 184 1035 221 res
1056 167 1449 238 hominumque
1475 172 1751 240 deumque
1845 166 1858 170 ’

124 246 385 299 Aeternis
420 244 565 312 regis
600 243 839 311 inperiiS,
878 248 938 297 et
972 244 1200 298 fulmine
1236 249 1425 315 terres,
1760 266 1830 308 2³.

125 321 271 386 Quid
305 337 460 374 meus
498 324 716 373 Aeneas
750 320 810 371 in
847 324 906 373 te
941 322 1286 375 committere
1322 325 1552 390 tantum,

125 398 268 471 Quid
308 397 475 450 Troes
510 400 757 465 potuere,
793 396 1007 465 quibus,
1045 400 1134 449 tot
1170 398 1363 451 funera
1397 401 1581 468 passis,

125 476 367 529 Cunctus
405 473 477 527 ob
516 472 736 526 Italiam
774 477 1046 526 terrarum
1085 473 1364 527 clauditur
1399 475 1575 530 orbis?

126 552 290 606 Certe
324 550 451 603 hinc
490 549 763 601 Romanos
798 550 943 617 olim,
978 549 1328 604 volventibus
1363 552 1529 619 annis,

126 629 272 682 Hine
306 628 422 679 fere
462 626 732 693 dicares,
770 628 1023 680 revocato
1058 644 1094 679 a
1132 628 1397 695 sanguine
1433 628 1640 697 Teucri,
1764 647 1844 687 235

127 705 232 769 Qui
267 722 432 772 mare,
469 703 564 771 qui
599 706 778 757 terras
814 704 960 756 omni
997 703 1212 757 dicione
1247 708 1514 771 tenerent,

130 782 419 845 Pollicitus,
458 796 599 849 quae
634 783 709 848 te,
744 779 976 847 genitor,
1016 781 1290 835 sententia
1325 782 1523 835 vertit?

129 858 248 914 Hoc
285 858 541 927 equidem
564 873 826 910 -occasum
862 855 1056 909 Troiae
1095 857 1382 926 tristisque
1417 858 1600 911 ruinas

126 934 365 1003 Solabar,
401 933 527 986 fatis
565 933 836 987 contraria
869 933 985 986 fata
1018 934 1360 1001 rependens;

127 1010 178 1063 N
180 1028 285 1063 unc
321 1010 514 1063 eadem
549 1010 770 1063 fortuna
804 1009 947 1063 viros
980 1012 1071 1063 tot
1107 1010 1322 1063 casibus
1357 1016 1506 1064 actos
1761 1024 1845 1064 240

130 1087 461 1156 Insequitur.
536 1086 708 1149 Quem
745 1085 845 1138 das
880 1086 1061 1154 finem,
1097 1102 1196 1139 rex
1231 1102 1446 1154 magne,
1482 1080 1763 1143 laborum?

130 1165 379 1218 Antenor
413 1162 609 1231 potuit,
647 1161 843 1216 mediis
880 1162 1098 1231 elapsus
1137 1162 1378 1231 Achivis,

131 1240 370 1307 Illyricos
406 1240 700 1307 penetrare
737 1239 886 1291 sinus
923 1242 1092 1309 atque
1128 1239 1322 1293 intima
1355 1243 1508 1293 tutus

129 1316 322 1384 Regna
358 1314 737 1382 Liburnorum,
776 1319 833 1369 et
868 1316 1077 1369 fontem
1117 1332 1376 1385 superare
1415 1314 1642 1384 Timavi,

129 1392 290 1445 Unde
323 1408 423 1459 per
459 1408 555 1444 ora
590 1407 784 1444 novem
822 1396 977 1445 vasto
1015 1408 1139 1445 cum
1175 1408 1458 1445 murmure
1493 1392 1694 1445 montis
1762 1404 1845 1445 245

130 1469 189 1523 It
222 1484 372 1521 mare
408 1471 733 1537 proruptum
770 1471 828 1520 et
863 1467 1060 1537 pelago
1099 1469 1298 1537 premit
1335 1484 1466 1521 arva
1500 1466 1727 1523 sonanti.

130 1546 238 1608 Hic
273 1548 457 1598 tamen
493 1544 587 1597 ille
622 1543 815 1597 urbem
857 1543 1048 1598 Patavi
1088 1544 1358 1613 sedesque
1394 1544 1592 1598 looevit

128 1622 474 1689 Teucrorum,
512 1624 570 1674 et
587 1620 756 1690 ,genti
793 1638 987 1675 nomen
1026 1621 1184 1675 dedit
1221 1638 1482 1690 armaque
1517 1621 1640 1675 fixit

128 1698 301 1765 Troia,
338 1715 481 1751 nunc
516 1697 731 1766 placida
767 1700 1058 1767 conpostus
1095 1715 1230 1768 paee
1267 1697 1526 1768 quiescit:

128 1774 180 1827 N
184 1791 259 1841 os,
296 1778 392 1827 tua
426 1775 730 1842 progenies,
772 1775 906 1828 caeli
945 1774 1145 1843 quibus
1183 1775 1379 1828 adnuis
1415 1791 1612 1840 arcem,
1761 1788 1846 1828 250

129 1849 385 1915 Navibus,
422 1849 731 1905 infandum!
774 1851 1001 1918 amissiS‚
1040 1851 1201 1904 unius
1237 1850 1307 1904 ob
1344 1851 1482 1904 iram
1741 1873 1748 1879 ·

131 1925 421 1980 Prodimur
455 1930 621 1994 atque
662 1927 815 1980 Italis
852 1927 1013 1995 longe
1052 1927 1417 1995 disiungimur
1451 1927 1574 1982 oris·

131 2002 239 2056 Hic
273 2003 494 2071 pietatis
529 2002 731 2057 honos?
776 2004 851 2057 sic
886 2019 986 2056 nos
1021 2004 1078 2057 in
1119 2009 1336 2074 sceptra
1371 2004 1620 2072 reponis?

200 2077 307 2132 Olli
343 2079 629 2132 subridens
664 2079 943 2134 hominum
982 2084 1132 2134 sator
1167 2085 1334 2149 atque
1371 2079 1599 2133 deorum

129 2149 313 2222 Voltu,
353 2172 459 2224 quo
495 2156 703 2210 eaelum
740 2159 1209 2226 tempestatesque
1244 2159 1475 2227 serenat,
1583 2193 1590 2200 -
1763 2169 1847 2213 πε

131 2229 327 2287 Oscula
361 2232 553 2286 libavit
588 2237 765 2301 natae,
804 2233 1003 2286 dehine
1039 2234 1174 2287 talia
1208 2234 1381 2288 fatur:

134 2309 303 2362 Parce
339 2312 502 2373 metu,
541 2309 827 2376 Cytherea,
866 2313 1092 2363 manent
1131 2311 1338 2362 inmota
1371 2313 1592 2364 tuorum

133 2385 269 2438 Fata
304 2385 431 2439 tibi:
472 2401 661 2438 cernes
699 2385 893 2438 urbem
932 2390 989 2440 et
1025 2387 1290 2455 promissa
1328 2385 1517 2440 Lavini

132 2461 360 2529 Moenia,
399 2460 797 2530 sublimemque
833 2463 977 2517 feres
1013 2463 1086 2516 ad
1123 2462 1306 2516 sidera
1341 2462 1475 2516 caeli

132 2538 538 2606 Magnanimum
579 2539 835 2606 Aenean3
869 2557 1047 2608 neque
1083 2556 1172 2594 me
1209 2539 1482 2592 sententia
1515 2537 1700 2591 vertit.
1719 2533 1742 2591 'l
1765 2551 1846 2590 mo

137 2616 241 2668 Hic
265 2616 593 2670 tibi—fabor
615 2617 777 2682 enim,
804 2617 1022 2686 quando
1047 2617 1182 2671 haec
1205 2620 1264 2670 te
1291 2633 1422 2670 cura
1445 2613 1740 2678 remordet,

134 2691 367 2758 Longius
404 2695 462 2746 et
498 2693 720 2746 volvens
756 2693 991 2747 fatorum
1028 2710 1226 2747 areana
1260 2691 1560 2746 movebo—-

133 2767 347 2820 Bellum
382 2768 575 2835 ingens
610 2773 770 2838 geret
807 2769 972 2823 Italia
1006 2770 1346 2839 populosque
1382 2766 1578 2822 ferocis

135 2841 461 2909 Contundet,
497 2859 787 2914 moresque
823 2846 953 2899 viris
988 2850 1048 2899 et
1083 2846 1298 2898 moenia
1331 2847 1513 2914 ponet,

134 2915 319 2968 Tertia
355 2915 487 2968 dum
525 2918 682 2971 Latio
717 2925 1037 2989 regnantem
1074 2921 1278 2975 viderit
1313 2924 1512 2987 aestas,
1769 2931 1854 2974 ms

136 2990 419 3058 Ternaque
455 2995 775 3048 transierint
813 2997 1033 3050 Rutulis
1070 2996 1300 3051 hiberna
1335 2994 1591 3050 subactis.

137 3066 217 3118 At
251 3081 388 3132 puer
424 3068 707 3137 Ascanius,
744 3072 829 3124 cui
865 3089 1008 3126 nunc
1042 3089 1342 3141 cognomen
1382 3072 1520 3126 Iulo·
1661 3139 1668 3145 ·

140 3138 583 3208 AdditumssIlus
618 3148 753 3211 erat,
790 3145 923 3198 dum
958 3164 1047 3200 res
1085 3150 1241 3203 stetit
1281 3148 1387 3201 Ilia
1419 3163 1662 3215 regno-

0 3268 101 3369 'x
