2163 3401
161 91 256 137 134
627 86 685 134 P.
727 82 1034 132 VERGILI
1079 82 1412 132 MARONIS

160 167 490 236 Delphinum
526 167 726 221 caudas
763 169 920 219 utero
957 164 1245 218 commissa
1279 163 1542 232 luporum.

162 245 416 297 Praestat
453 243 714 297 Trinacrii
751 246 926 296 metas
963 241 1202 294 lustrare
1242 240 1477 307 Pachyni

161 320 496 387 Cessantem,
534 319 722 387 longos
757 323 816 372 et
851 316 1278 371 circumflectere
1314 334 1519 383 cursus,
1803 333 1886 374 aa

162 396 336 460 Quam
374 396 541 449 semel
578 396 867 448 informem
904 397 1059 446 vasto
1097 393 1299 447 vidisse
1336 394 1437 446 sub
1473 398 1635 449 antro

161 472 389 541 Scyllam
427 476 485 525 et
517 471 781 525 caeruleis
817 469 1041 524 canibus
1077 470 1391 523 resonantia
1426 487 1569 525 saxa.

164 549 472 615 Praeterea,
509 549 551 600 si
591 565 700 616 qua
737 551 823 600 cst
861 546 1075 612 Heleno
1111 545 1419 613 prudentia,
1456 549 1567 600 vati

161 626 219 679 Si
257 642 366 694 qua
402 625 555 689 fides,
592 625 832 677 animum
869 624 913 676 si
953 623 1099 676 veris
1133 622 1308 690 inplet
1347 623 1561 690 Apollo,

161 702 346 755 Unum
380 700 517 753 illud
553 700 672 766 tibi,
709 704 838 753 nate
874 700 993 766 dea,
1031 715 1243 768 proque
1278 698 1529 751 omuibus
1564 716 1735 753 unum
1802 716 1881 755 435

162 776 492 842 Praedicam,
517 781 573 829 et
598 781 854 845 repetens
879 776 1190 842 iterumque
1216 774 1528 843 iterumque
1552 775 1809 831 monebo:

161 852 383 906 Iunonis
419 869 648 921 magnac
684 852 918 919 primum
955 866 1119 919 prece
1152 866 1352 904 numen
1388 847 1587 915 ador2’23

160 928 356 983 Iunoni
391 945 524 983 cane
559 933 686 981 vota
720 926 894 981 libens
931 926 1319 995 dominamque
1352 929 1635 995 potentem

160 1003 503 1073 Supplicibus
540 1021 738 1073 supera
775 1002 957 1056 donis:
998 1003 1075 1056 sic
1112 1002 1349 1071 denique
1383 1001 1556 1055 victor

159 1078 434 1134 Trinacria
469 1081 592 1133 finis
631 1080 802 1133 Italos
837 1080 1061 1133 mittere
1098 1078 1302 1134 relicta.
1800 1094 1881 1135 ιω

161 1156 286 1209 Huc
323 1156 416 1209 ubi
454 1157 670 1211 delatus
708 1156 1001 1225 Cymaeam
1037 1156 1331 1209 accesseris
1366 1158 1559 1211 urbem

161 1232 494 1302 Divinosque
529 1233 678 1287 lacus
717 1236 775 1287 ct
811 1234 1035 1287 Averna
1071 1233 1321 1286 sonantia
1358 1233 1521 1301 silvis,

161 1308 416 1362 Insanam
453 1312 634 1363 vatem
673 1308 917 1378 aspicies,
957 1326 1099 1378 quae
1134 1326 1273 1378 rupe
1310 1308 1413 1363 sub
1446 1310 1557 1363 ima

160 1384 301 1439 Fata
336 1385 483 1440 canit
518 1385 769 1454 foliisque
805 1389 964 1439 notas
1001 1390 1060 1439 et
1095 1386 1316 1439 nomina
1350 1386 1589 1440 mandat.

161 1461 544 1531 Quaecumque
579 1463 636 1515 in
671 1461 813 1515 foliis
851 1461 1142 1531 descripsit
1177 1463 1416 1516 carmina
1450 1462 1620 1530 virgo,
1800 1477 1881 1518 425

99 1586 104 1590 .
159 1538 375 1607 Digerit
409 1539 468 1592 in
505 1554 812 1593 numerum*
831 1542 998 1606 atque
1033 1543 1192 1593 antro
1228 1539 1439 1592 seclusa
1472 1538 1753 1608 relinquit.

161 1614 266 1668 Illa
302 1619 526 1670 manent
561 1615 768 1668 inmota
802 1615 933 1667 locis
967 1632 1147 1685 neque
1181 1614 1253 1669 ab
1288 1615 1479 1668 ordine
1512 1614 1746 1682 cedunt;

159 1690 366 1745 Verum
404 1691 610 1757 eadem,
647 1708 805 1746 verso
843 1692 1024 1746 tenuis
1059 1709 1184 1746 cum
1220 1691 1443 1746 cardine
1478 1694 1676 1746 ventus

162 1767 371 1836 Inpulit
407 1771 465 1822 et
499 1772 719 1821 teneras
754 1767 1000 1823 turbavit
1033 1770 1197 1822 ianua
1229 1769 1467 1835 frondes,

158 1843 471 1913 Numquam
507 1844 708 1898 deinde
742 1860 876 1898 cavo
911 1844 1196 1899 volitantia
1229 1844 1501 1914 prendere
1536 1861 1685 1913 saxo,
1798 1857 1880 1898 4⁵⁰

159 1919 212 1971 N
217 1936 277 1972 ec
312 1936 566 1974 revocare
603 1920 739 1975 situs
773 1923 872 1975 aut
905 1920 1134 1989 iungere
1168 1921 1410 1974 carmina
1444 1924 1626 1974 curat:

162 1995 460 2049 Inconsulti
497 1996 719 2063 abeunt,
757 1997 1055 2065 sedemque
1092 1996 1260 2051 odere
1300 1996 1547 2065 Sibyllae.

160 2071 270 2124 Hic
305 2071 409 2124 tibi
443 2087 514 2125 ne
550 2089 660 2141 qua
693 2089 879 2126 morae
910 2072 1118 2127 fuerint
1155 2072 1443 2142 dispendia
1475 2073 1629 2138 tanti,

161 2147 416 2210 Quamvis
449 2148 779 2216 increpitent
813 2148 958 2215 socii,
992 2154 1052 2203 et
1088 2149 1141 2202 vi
1176 2165 1366 2203 cursus
1400 2149 1455 2202 in
1490 2149 1662 2202 altum

161 2223 302 2276 Vela
335 2227 493 2277 vocet
525 2224 808 2293 possisque
844 2225 991 2278 sinus
1026 2225 1236 2293 inplere
1272 2223 1553 2292 secundm,
1794 2233 1873 2273 455

163 2300 303 2364 Quin
339 2299 507 2352 adeas
543 2304 725 2354 vatem
758 2299 1119 2369 precibusque
1154 2300 1375 2354 oracula
1406 2316 1596 2370 poscas

162 2377 291 2444 Ipsa
325 2379 500 2442 canat,
538 2392 834 2444 vocemque
868 2377 1055 2430 volens
1092 2380 1261 2446 atque
1296 2393 1393 2432 ora
1426 2376 1677 2432 resolvat.

163 2453 269 2507 Illa
303 2451 404 2506 tibi
442 2452 636 2506 Italiae
669 2453 899 2522 populos
934 2456 1275 2522 venturaque
1309 2453 1467 2521 bella,

162 2529 237 2584 Et
271 2547 378 2598 quo
414 2545 687 2597 quemque
722 2529 885 2583 modo
919 2529 1207 2598 fugiasque
1240 2527 1496 2599 ferasque
1528 2530 1791 2588 laborem,

161 2605 449 2675 Expediet,
484 2621 784 2674 cursusque
821 2604 979 2658 dabit
1012 2608 1275 2660 venerata
1310 2605 1588 2660 secundos.
1799 2621 1881 2660 4⁰⁰

162 2681 317 2734 Haec
353 2684 495 2747 sunt,
532 2697 674 2749 quae
709 2683 898 2734 nostra
929 2680 1096 2735 liccat
1126 2684 1187 2735 tc
1221 2697 1353 2735 voce
1385 2682 1605 2736 moueri.

161 2755 321 2809 Vade
355 2772 471 2822 age,
509 2759 568 2808 et
603 2755 884 2824 ingentem
916 2756 1077 2811 factis
1112 2757 1196 2810 fer
1228 2758 1303 2811 ad
1336 2757 1564 2812 aethera
1598 2757 1835 2812 Troiam.

233 2830 384 2892 Quae
418 2833 708 2896 postquam
744 2834 899 2886 vates
933 2832 1012 2886 sic
1047 2849 1142 2886 ore
1178 2832 1375 2887 effatus
1410 2833 1585 2888 amico
1620 2837 1727 2902 est,

163 2902 320 2954 Dona
353 2901 549 2955 dehinc
583 2920 715 2957 auro
750 2907 939 2974 gravia
974 2912 1234 2977 sectoque
1268 2908 1561 2978 elephanto

165 2976 391 3042 Inperat
425 2975 498 3027 ad
532 2978 683 3030 navis
717 2981 866 3046 ferri,
901 2982 1182 3051 stipatque
1216 2985 1411 3038 carinis
1804 2999 1885 3040 aas

165 3048 370 3115 Ingens
405 3054 708 3118 argentum,
745 3055 1179 3125 Dodonaeosque
1214 3058 1442 3126 lebetas,

163 3121 412 3176 Loricam
447 3128 751 3182 consertam
786 3128 958 3186 hamis
994 3148 1237 3203 auroque
1270 3134 1521 3203 trilicem,
