2163 3401
742 111 1106 159 AENEIDOS
1142 112 1279 159 LIB.
1319 112 1364 160 1.
1852 114 1911 160 99

211 191 403 243 Frater
438 192 502 244 ut
538 191 760 244 Aeneas
794 191 989 258 pelago
1030 195 1161 244 tuus
1198 191 1379 243 omnia
1410 191 1614 244 circum

203 265 391 319 Litora
423 265 663 319 iactetur
699 266 841 318 odiis
880 265 1105 319 Iunonis
1139 265 1372 334 iniquae,

201 340 349 395 Nota
383 341 503 408 tibi,
541 346 600 395 et
634 345 822 394 nostro
860 340 1087 395 doluisti
1123 358 1287 410 saepe
1322 341 1525 396 dolore.

203 417 364 470 Hunc
403 418 703 471 Phoenissa.
736 420 892 470 tenet
927 417 1074 470 Dido
1108 416 1435 486 blandisque
1469 421 1717 472 moratur
1840 431 1917 476 ero

202 493 468 559 Vocibus;
511 497 570 548 et
605 509 814 561 vereor,
851 509 960 562 quo
995 509 1056 546 se
1094 493 1327 546 Iunonia
1362 496 1583 547 vertant

203 570 458 638 Hospitia
471 591 487 636 3
527 569 676 623 haud
710 572 867 623 tanto
902 568 1141 623 cessabit
1176 569 1398 622 cardine
1434 585 1632 622 rerum.

200 646 463 708 Quocirca
498 662 694 714 capere
728 647 859 698 ante
895 645 1034 699 dolis
1069 649 1129 699 et
1164 645 1383 713 cingere
1418 644 1637 699 flamma

198 721 469 788 Reginam
504 721 754 788 meditor,
789 738 861 775 ne
896 739 1005 791 quo
1041 737 1102 775 se
1134 722 1357 775 numine
1393 724 1585 787 mutet,

196 797 310 852 Sed
346 815 544 866 magno
582 801 806 853 Aeneae
844 814 1059 852 mecum
1093 800 1352 852 teneatur
1386 813 1583 851 amore.
1838 810 1911 850 ⁰7⁵

196 873 320 938 Qua
353 875 534 928 facere
569 875 628 928 id
661 875 850 944 possis,
885 877 1131 928 nostram
1168 890 1311 926 nunc
1346 874 1529 940 accipe
1564 874 1829 926 mentem:

194 951 403 1018 Regius
437 952 615 1005 accitu
648 951 762 1004 cari
796 949 1060 1018 genitoris
1096 950 1170 1003 ad
1203 949 1395 1002 urbem

191 1026 472 1082 Sidoniam
506 1044 644 1096 puer
676 1027 757 1080 ire
793 1031 968 1094 parat,
1006 1043 1131 1080 mea
1165 1043 1419 1078 maxuma
1453 1043 1596 1093 cura,

190 1102 353 1157 Dona
385 1103 584 1172 ferenS,
619 1104 814 1172 pelago
851 1107 910 1157 ct
947 1103 1183 1156 flammis
1218 1103 1485 1156 restantia
1521 1101 1743 1168 Troiae;

190 1179 358 1234 Hunc
391 1197 494 1248 ego
531 1180 768 1248 sopitum
805 1197 992 1234 somno
1031 1197 1197 1248 super
1230 1178 1345 1233 alta
1382 1178 1619 1247 Cythera
1832 1193 1908 1233 080

190 1257 313 1308 Aut
351 1272 515 1324 super
552 1256 790 1310 Idalium
826 1259 1042 1310 sacrata
1077 1255 1211 1308 sede
1246 1255 1551 1322 recondam,

189 1331 242 1382 N
247 1347 280 1382 e
316 1348 426 1400 qua
455 1332 598 1384 ‘scire
633 1331 787 1384 dolos
821 1331 1105 1385 mediusve
1141 1347 1423 1384 occurrere
1456 1331 1646 1399 possit.

189 1406 274 1458 Tu
308 1406 502 1460 faciem
536 1407 680 1460 illius
715 1410 932 1461 noctem
967 1424 1076 1460 non
1112 1407 1342 1473 amplius
1376 1422 1539 1459 unam

191 1481 348 1535 Falle
384 1482 525 1549 dolo,
562 1485 620 1536 et
657 1486 815 1535 notos
851 1483 1009 1550 pueri
1045 1498 1183 1550 puer
1219 1481 1385 1534 indue
1423 1482 1616 1549 voltus,

190 1559 287 1626 Ut,
325 1575 450 1612 cum
485 1561 544 1612 te
577 1557 789 1626 gremio
830 1557 1060 1625 accipiet
1096 1557 1396 1610 laetissima
1432 1557 1576 1610 Dido
1834 1573 1908 1612 685

188 1634 414 1703 Regalis
449 1634 596 1688 inter
629 1650 845 1687 mensas
881 1633 1210 1703 laticemque
1248 1633 1504 1703 Lyaeum,

185 1711 330 1765 Cum
368 1710 523 1766 dabit
558 1711 842 1781 amplexus
877 1715 1046 1780 atque
1084 1711 1267 1765 oscula
1304 1710 1485 1764 dulcia
1519 1711 1669 1780 figet,

185 1787 477 1841 Occultum
513 1787 748 1857 inspires
781 1789 964 1855 ignem
999 1788 1265 1857 fallasque
1302 1804 1523 1841 veneno,

185 1862 359 1919 Paret
397 1864 571 1917 Amor
606 1864 769 1917 dictis
805 1881 964 1918 carae
999 1865 1308 1933 genetriciS,
1345 1867 1404 1918 et
1438 1864 1551 1918 alas

182 1939 374 2007 Exuit,
411 1944 468 1995 et
501 1957 697 2008 gressu
732 1942 977 2009 gaudens
1011 1940 1221 1995 incedit
1258 1940 1380 1994 Iuli.
1831 1955 1905 1994 000

185 2016 273 2069 At
308 2014 500 2070 Venus
538 2017 774 2070 Ascanio
809 2016 1079 2085 placidam
1117 2035 1218 2086 per
1248 2017 1496 2071 membra
1533 2017 1777 2085 quietem

185 2091 417 2159 Inrigat,
454 2096 512 2147 et
546 2093 721 2146 fotum
757 2094 967 2161 gremio
1004 2092 1111 2146 dea
1146 2094 1291 2147 tollit
1325 2093 1381 2146 in
1418 2094 1557 2146 altos

184 2167 402 2221 Idaliae
436 2168 602 2236 lucoS,
637 2168 732 2221 ubi
767 2168 944 2221 mollis
981 2186 1262 2223 amaracus
1298 2169 1450 2223 illum

183 2243 442 2298 Floribus
479 2248 536 2298 et
572 2244 718 2297 dulci
753 2246 1039 2313 adspirans
1075 2244 1437 2313 conplectitur
1471 2245 1679 2298 umbra.

261 2320 493 2388 Iamque
527 2320 645 2373 ibat
684 2320 833 2375 dicto
870 2338 1070 2390 parens
1108 2324 1167 2374 et
1204 2320 1349 2374 dona
1386 2320 1599 2389 Cupido
1832 2336 1905 2377 69⁶

185 2396 368 2464 Regia
402 2396 659 2465 portabat
695 2397 882 2465 Tyriis,
921 2397 1060 2451 duce
1096 2397 1275 2451 laetus
1313 2397 1542 2451 Achate.

185 2474 330 2527 Cum
365 2473 530 2540 venit,
568 2473 772 2526 aulaeis
807 2473 917 2527 iam
957 2491 1016 2527 se
1052 2474 1243 2543 regina
1278 2472 1528 2542 superbis

188 2550 382 2604 Aurea
415 2548 702 2615 conposuit
739 2549 947 2617 sponda
981 2550 1331 2619 mediamque
1365 2548 1577 2603 locavit.

189 2626 314 2687 Iam
349 2627 508 2693 pater
548 2627 766 2676 Aeneas
801 2628 859 2677 et
891 2626 1000 2678 iam
1038 2625 1269 2679 Troiana
1303 2626 1557 2677 iuventus

187 2700 551 2768 Conveniunt,
589 2702 874 2767 stratoque
910 2717 1076 2769 super
1112 2700 1473 2754 discumbitur
1508 2704 1667 2753 ostro.
1830 2714 1903 2756 700

187 2778 341 2831 Dant
375 2778 561 2831 famuli
599 2775 849 2829 manibus
883 2777 1143 2845 lymphas,
1183 2778 1549 2844 Cereremque
1583 2778 1832 2832 canistris

191 2853 525 2922 Expediunt,
561 2856 848 2920 tonsisque
883 2856 1065 2907 ferunt
1101 2852 1361 2907 mantelia
1393 2853 1547 2907 villis.

195 2928 601 2997 Quinquaginta
636 2930 786 2983 intus
821 2929 1071 2998 famulae,
1108 2930 1307 3000 quibus
1342 2930 1533 2984 ordine
1568 2931 1785 2999 longam

194 3004 340 3058 Cura
372 3022 573 3073 penum
611 3010 840 3061 struere.
875 3008 934 3059 et
970 3006 1203 3061 flammis
1236 3006 1457 3061 adolere
1495 3008 1716 3061 Penatis
1731 3027 1745 3071 ;

196 3081 432 3134 Centum
467 3081 606 3136 aliae
641 3082 988 3151 totidemque
1023 3100 1185 3153 pares
1220 3088 1403 3137 aetate
1438 3083 1689 3149 ministri,
1780 3118 1785 3123 -
1830 3094 1911 3136 ⁷0⁵·

195 3156 300 3222 Qui
337 3156 569 3275 {apibus
604 3174 820 3212 mensas
854 3164 1085 3245 onerent
1120 3166 1179 3215 et
1212 3160 1405 3229 pocula
1438 3161 1659 3228 ponant.
