2163 3401
838 112 1206 162 AENEIDOS
1240 112 1382 164 LIB.
1419 112 1519 162 IV.
1937 117 2029 163 149

310 198 446 263 Ipse
481 195 617 249 haec
650 194 795 248 ferre
828 194 985 247 iubet
1020 194 1214 248 celeris
1247 194 1510 249 mandata
1543 210 1645 265 per
1678 212 1868 251 auras:
1959 208 2032 250 2⁷0

308 272 460 334 Quid
499 270 697 324 struis?
735 273 831 325 aut
867 286 977 339 qua
1012 287 1110 339 spe
1147 270 1360 338 Libycis
1394 273 1532 325 teris
1567 274 1681 327 otia
1713 272 1914 329 terris?

308 349 367 401 Si
406 352 465 401 te
501 347 649 400 nulla
683 350 869 400 movet
904 349 1184 400 tantarum
1220 346 1393 414 gloria
1429 364 1616 401 rerum

309 424 433 479 Nec
470 440 633 491 super
668 424 787 493 ipse
823 428 921 477 tua
955 422 1162 475 moliris
1198 422 1362 477 laude
1397 424 1652 492 laborem,

312 502 610 555 Asoenium
649 504 966 568 surgentem
1003 502 1063 553 et
1097 516 1224 568 spes
1258 498 1476 554 heredis
1513 501 1621 555 Iuli

310 578 567 645 Respice,
604 577 691 631 cui
726 592 956 643 regnum
996 574 1195 629 Italiae
1233 574 1588 646 Romanaque
1622 578 1788 633 tellus
1962 592 2035 633 2⁷5

304 652 615 707 Debentur.
688 652 807 706 Tali
846 650 1119 719 Cyllenius
1153 667 1249 704 ore
1284 651 1498 707 locutus

308 728 566 783 Mortalis
600 728 749 781 visus
778 726 966 781 medio
1000 743 1251 797 sermone
1285 728 1525 797 reliquit,

309 806 389 859 Et
424 804 614 873 procul
649 805 707 857 in
742 808 965 858 tenuem
1000 820 1071 857 ex
1105 803 1276 857 oculis
1307 805 1530 859 evanuit
1563 821 1766 860 auram.
1804 816 1818 840 ⁹

384 884 466 934 At
502 898 629 935 vero
668 882 889 935 Aeneas
925 882 1151 949 aspectu
1183 878 1462 933 obmutuit
1495 897 1698 945 amens,

309 960 695 1026 Arrectaeque
718 958 947 1011 horrore
970 972 1176 1023 comae,
1199 959 1260 1009 et
1282 972 1386 1009 vox
1409 956 1654 1011 faucibus
1679 956 1872 1010 haesit.
1961 971 2036 1010 ω

310 1034 502 1088 Ardet
520 1030 698 1087 'abire'
724 1034 855 1101 fuga
891 1032 1174 1101 dulcisque
1209 1032 1519 1101 relinquere
1554 1037 1744 1097 terras,

311 1110 609 1165 Attonitus
643 1112 801 1163 tanto
835 1109 1047 1162 monitu
1083 1108 1404 1176 inperioque
1442 1107 1682 1172 deorum.

310 1186 447 1240 Heu
482 1185 619 1254 quid
655 1187 819 1253 agat?
859 1201 969 1253 quo
1004 1200 1150 1237 nunc
1183 1185 1430 1253 reginam
1465 1184 1675 1239 ambire
1710 1188 1984 1238 furentem

310 1261 543 1316 Audeat
578 1261 803 1315 adfatu?
841 1276 983 1329 quae
1017 1260 1196 1329 prima
1229 1262 1455 1316 exordia
1490 1262 1704 1317 sumat?

310 1340 509 1406 Atque
533 1337 773 1391 animum
798 1353 939 1390 nunc
964 1336 1071 1389 huc
1093 1336 1344 1406 celerem,
1369 1355 1514 1391 nunc
1537 1338 1734 1391 dividit
1755 1339 1896 1400 illuc,
1959 1352 2032 1391 285

310 1414 383 1467 In
420 1414 703 1481 partisque
728 1414 885 1481 ,rapit
920 1412 1096 1466 varias
1132 1430 1340 1481 perque
1376 1415 1558 1468 omnia
1590 1416 1788 1467 versat.

310 1490 472 1543 Haec
508 1489 803 1543 alternanti
836 1489 1019 1557 potior
1053 1490 1326 1543 sententia
1361 1490 1478 1543 visa
1513 1493 1626 1544 est:

309 1565 609 1619 Mnesthea
646 1566 1079 1635 Sergestumque
1114 1568 1275 1619 vocat
1311 1566 1619 1632 fortemque
1656 1565 1950 1630 Serestum,

310 1642 558 1696 Classem
595 1644 789 1712 aptent
822 1642 980 1697 taciti
1014 1642 1296 1711 sociosque
1333 1641 1408 1695 ad
1441 1641 1603 1694 litora
1638 1644 1847 1710 cogant,

311 1721 492 1774 Arma
526 1723 739 1788 parent,
776 1722 849 1786 et,
887 1735 1030 1788 quae
1065 1716 1233 1772 rebus
1269 1719 1342 1772 sit
1377 1734 1568 1772 caussa
1601 1717 1880 1785 novandiS,
1966 1733 2038 1772 29⁰

309 1795 707 1859 Dissimulent3
746 1811 865 1848 sese
900 1795 1126 1862 interea,
1167 1794 1384 1862 quando
1419 1799 1644 1864 optuma
1680 1793 1826 1847 Dido

308 1871 541 1926 Nesciat
576 1875 636 1924 et
672 1874 860 1924 tantos
894 1871 1075 1939 rumpi
1111 1886 1220 1923 non
1258 1874 1442 1939 speret
1478 1887 1707 1939 amores,

308 1948 735 2017 Temptaturum
772 1947 972 2013 aditus,
1011 1950 1071 2000 et
1108 1963 1248 2016 quae
1283 1947 1599 2001 mollissima
1634 1947 1788 2001 fandi

308 2024 596 2093 Tempora,
636 2023 759 2093 quis
793 2021 959 2078 rebus
995 2023 1194 2077 dexter
1227 2023 1434 2080 modus.
1509 2023 1676 2078 Ocius
1709 2040 1900 2080 omnes

308 2101 538 2170 Inperio
572 2100 704 2154 laeti
739 2102 939 2168 parent
973 2115 1037 2154 ac
1068 2100 1218 2154 iussa
1250 2100 1538 2154 facessunt.
1962 2115 2034 2154 295

383 2176 466 2228 At
502 2174 694 2242 regina
728 2174 1078 2244 dolos-quis
1113 2174 1304 2230 fallere
1338 2177 1514 2244 possit
1548 2179 1824 2230 amantem
1837 2177 1929 2232 ‘l—

309 2250 648 2318 Praesensit,
682 2254 975 2319 motusque
1014 2245 1233 2321 excepit
1267 2253 1442 2319 prima
1477 2251 1707 2316 futurOS,

309 2327 511 2382 Omnia
546 2329 673 2381 tuta
707 2327 923 2388 timens.
997 2327 1206 2382 Eadem
1243 2327 1412 2396 impia
1447 2327 1618 2380 Fama
1651 2327 1860 2381 furenti

310 2403 531 2458 Detulit
566 2404 766 2456 armari
802 2403 1031 2458 classem
1066 2419 1398 2472 cursumque
1433 2402 1635 2472 parari.

310 2479 501 2532 Saevit
534 2479 692 2548 inops
728 2478 911 2546 animi,
947 2483 1234 2549 totamque
1269 2478 1492 2534 incensa
1525 2496 1628 2548 per
1660 2478 1856 2533 urbem
1961 2493 2036 2532 ³00

310 2555 637 2630 Bacchatur,
674 2555 851 2622 qualis
886 2557 1172 2610 commotis
1208 2556 1388 2610 excita
1423 2556 1594 2609 sacris

286 2621 524 2700 ''I‘Hj'ias
560 2627 655 2685 ubi
689 2632 880 2686 audito
916 2633 1204 2687 stimulant
1237 2632 1520 2687 trieterica
1556 2629 1782 2688 Baccho.

312 2706 483 2775 Orgia
516 2711 929 2776 nocturnusque
964 2712 1126 2763 vocat
1159 2710 1396 2762 clamore
1435 2706 1746 2760 Cithaeron.

312 2783 556 2837 Tandem
593 2784 681 2836 his
720 2786 948 2838 Aenean
983 2785 1274 2854 compellat
1310 2783 1532 2837 vocibus
1563 2782 1738 2836 ultro:

383 2859 745 2913 Dissimulare
781 2861 949 2913 etiam
985 2861 1237 2928 sperasti,
1273 2859 1499 2928 perfide,
1535 2862 1752 2914 tantum
1959 2873 2033 2914 ωε

314 2934 485 2989 Posse
518 2935 689 3004 nefas,
724 2935 1036 3005 tacitusque
1069 2955 1194 2992 mea
1228 2936 1502 2991 decedere
1536 2938 1723 2992 terra?

315 3010 431 3065 Nec
466 3014 527 3065 te
561 3015 751 3066 noster
785 3027 953 3079 amor,
988 3029 1090 3068 nec
1125 3016 1184 3066 te
1219 3012 1352 3066 data
1387 3012 1620 3067 dextera.
1654 3017 1942 3079 quondam,

314 3086 366 3139 N
370 3103 433 3141 ec
468 3088 733 3142 moritura
769 3091 923 3140 tenet
956 3088 1167 3141 crudeli
1201 3089 1396 3144 funere
1433 3086 1609 3140 Dido?

316 3161 463 3224 Quin
495 3163 665 3218 etiam
701 3162 933 3215 hiberno
968 3163 1175 3216 moliris
1210 3163 1392 3216 sidere
1428 3163 1670 3217 classem,
