2163 3401
624 489 686 539 P.
720 486 1031 537 VERGILI
1064 484 1395 561 MARONIS

555 640 1546 733 AENEIDOS·

672 844 905 899 LIBER
966 841 1357 897 SEPTIMUS.

908 1005 1114 1031 ——0-—

167 1120 251 1173 Τῑτ
286 1134 503 1187 queque
536 1116 789 1170 litoribus
822 1117 1041 1183 nostris,
1080 1118 1292 1172 Aeneia
1324 1116 1528 1185 nutrix,

171 1197 471 1249 Aeternam
507 1192 744 1245 moriens
780 1192 995 1259 famam,
1034 1193 1241 1260 Caieta,
1279 1191 1510 1257 dedisti;

172 1272 243 1324 Et
276 1286 419 1322 nune
454 1271 635 1322 servat
668 1267 836 1320 honos
873 1268 1061 1321 sedem
1099 1273 1243 1337 tuus,
1281 1284 1513 1337 ossaque
1547 1284 1750 1323 nomen

171 1344 442 1415 Hesperia
475 1344 533 1396 in
568 1360 780 1411 magna,
818 1344 865 1397 si
899 1361 1009 1413 qua
1044 1350 1132 1399 est
1164 1362 1232 1399 ea
1264 1344 1454 1413 gloria,
1491 1343 1690 1409 signat.

170 1424 252 1475 At
286 1422 411 1490 pius
444 1420 719 1489 exsequiis
759 1421 974 1473 Aeneas
1011 1421 1120 1475 rite
1155 1420 1363 1486 solutis,
1851 1436 1873 1472 ε

171 1500 393 1566 Aggere
428 1497 709 1565 conposito
742 1496 953 1565 tumuli,
990 1501 1280 1566 postquam
1313 1496 1428 1551 alta
1461 1496 1724 1564 quierunt

172 1575 445 1643 Aequora,
481 1572 663 1628 tendit
697 1572 807 1625 iter
843 1571 991 1640 vem,
1026 1577 1358 1641 portumque
1394 1572 1671 1640 relinquit.

174 1651 475 1721 Adspirant
510 1666 673 1704 aurae
707 1648 762 1702 in
798 1652 1031 1718 noctem,
1066 1662 1170 1704 nee
1203 1647 1438 1703 eandida
1471 1664 1663 1702 cursus

172 1727 328 1781 Luna
360 1730 542 1796 negat,
580 1725 832 1795 splendet
866 1727 1104 1779 tremulo
1139 1724 1242 1779 sub
1280 1725 1479 1778 lumine
1514 1727 1726 1792 pontus.

173 1805 447 1857 Proxuma
483 1803 735 1858 Circaeae
772 1801 1041 1856 raduntur
1074 1801 1240 1856 litora
1281 1805 1478 1869 terrae,
1823 1815 1870 1853 1⁰

174 1880 340 1934 Dives
374 1879 673 1933 inaeoessos
709 1877 803 1931 ubi
840 1877 980 1931 Solis
1016 1878 1128 1932 filia
1162 1878 1310 1932 lueos
1343 1919 1350 1924 .

173 1955 425 2010 Adsiduo
459 1958 679 2010 resonat
711 1958 891 2021 cantu,
929 1955 1201 2022 tectisque
1237 1954 1486 2022 superbis

172 2032 303 2086 Urit
335 2031 622 2085 odoratam
657 2034 921 2084 nocturna
956 2031 1008 2082 in
1047 2030 1256 2083 lumina
1289 2029 1529 2099 cedrum,

175 2107 393 2178 Arguto
428 2109 607 2162 tenuis
641 2123 969 2177 percurrens
1005 2106 1221 2175 pectine
1257 2106 1412 2160 telas.
1477 2127 1482 2132 ·

176 2183 319 2238 Hine
352 2184 599 2238 exaudiri
634 2183 871 2252 gemitus
906 2183 1133 2250 iraeque
1169 2182 1398 2248 leonum,
1824 2197 1871 2236 15

175 2261 367 2315 Vincla
400 2264 746 2314 recusantum
784 2262 842 2312 et
876 2275 1001 2312 sera
1035 2259 1138 2312 sub
1173 2263 1340 2313 noete
1369 2259 1684 2328 rudentum,

176 2337 549 2406 Saetigerique
586 2353 710 2390 sues
746 2339 913 2404 atque
948 2335 1005 2387 in
1041 2335 1399 2404 praesepibus
1434 2335 1548 2389 ursi

176 2413 408 2478 Saevire,
444 2429 507 2466 ae
542 2413 746 2466 formae
782 2427 1100 2479 magnorum
1131 2411 1348 2466 ululare
1383 2411 1648 2480 luporum,

177 2489 323 2553 Quos
356 2490 633 2543 hominum
668 2505 737 2542 ex
772 2489 910 2542 faeie
945 2489 1051 2542 dea
1087 2505 1249 2541 saeva
1282 2487 1607 2557 potentibus
1639 2486 1830 2542 herbis

177 2565 441 2620 Induerat
478 2565 635 2620 Circe
670 2565 723 2618 in
760 2564 941 2618 voltus
976 2581 1039 2618 ae
1074 2568 1233 2634 terga
1265 2565 1516 2618 fex-amm.
1827 2577 1876 2618 Ξ

176 2640 327 2704 Quae
360 2658 430 2695 ne
465 2645 709 2695 monstra
741 2642 818 2710 pii
853 2645 1180 2710 paterentur
1213 2641 1348 2696 talia
1381 2640 1550 2695 Troes

176 2715 360 2769 Delati
393 2717 450 2770 in
487 2721 693 2785 portus,
729 2734 836 2771 neu
872 2717 1033 2771 litera
1068 2716 1190 2769 dira
1225 2716 1490 2782 subirent,

176 2789 466 2856 Neptunus
500 2793 677 2845 ventis
712 2792 941 2861 inplevit
976 2793 1100 2846 vela
1132 2792 1398 2858 secundis,

180 2863 369 2928 Atque
404 2863 589 2928 fugam
626 2867 798 2931 dedit,
834 2872 893 2921 et
926 2871 1152 2934 praeter
1184 2868 1330 2922 vada
1363 2867 1578 2922 fervida
1613 2869 1780 2922 vexit.

246 2936 476 3000 Iamque
510 2938 832 2992 rubescebat
866 2942 1036 2995 radiis
1075 2959 1240 3010 mare,
1277 2947 1336 2998 et
1371 2943 1596 2996 aethere
1632 2943 1705 2997 ab
1739 2941 1860 2998 alto

184 3011 401 3060 Aurora
434 3007 490 3057 in
525 3011 695 3063 roseis
730 3012 977 3081 fulgebat
1014 3018 1165 3071 lutea
1198 3018 1366 3087 bigis:

183 3080 320 3160 Cum
356 3080 503 3130 venti
539 3097 784 3152 posuere,
817 3091 1101 3158 omnisque
1136 3097 1364 3161 repente
1399 3094 1608 3148 resedit

262 3153 391 3215 stus,
426 3153 485 3202 et
517 3152 574 3204 in
607 3154 755 3209 lento
789 3158 1066 3217 luctantur
1101 3182 1374 3223 marmore
1407 3171 1612 3224 tonsae.
