2163 3401
196 36 266 78 tu.
663 29 723 76 P.
759 29 1070 80 VERGILI
1107 29 1437 79 MARONIS

201 109 346 162 Alba
381 125 560 177 neque
589 109 828 176 'Assyrio
866 110 1085 165 fucatur
1121 109 1247 163 lana
1281 127 1505 180 veneno,
1896 132 1975 172 ως

202 185 249 238 N
253 201 316 237 ec
351 186 495 237 casia
532 184 724 252 liquidi
759 185 1133 253 corrumpitur
1168 202 1301 239 usus
1338 186 1493 242 olivi:

201 264 282 313 At
317 277 510 314 secura
545 261 700 330 quies
735 264 794 314 et
831 261 1028 314 nescia
1049 261 1243 315 fallere
1280 262 1407 326 vita,

199 336 365 390 Dives
401 353 566 405 opum
604 337 890 402 variarum,
929 341 988 391 at
1024 337 1153 391 latis
1188 339 1304 392 otia
1338 339 1539 408 fundis,

200 413 516 481 Speluncae,
555 413 771 482 vivique
808 413 972 479 lacus,
1011 418 1070 467 at
1107 413 1309 481 frigida
1346 415 1567 486 Tempe,

202 490 557 558 Mugitusque
593 488 770 555 boum,
809 489 1111 559 mollesque
1148 489 1250 543 sub
1288 489 1485 545 arbore
1520 497 1713 550 somni
1879 515 1960 556 47⁰

203 566 252 618 N
257 583 326 618 on
362 565 594 630 absunt3
629 566 740 618 illic
777 565 952 621 saltus
987 583 1050 619 ac
1086 566 1261 620 lustra
1297 567 1548 636 ferarum,

205 643 276 695 Et
312 643 526 711 patiens
561 659 790 711 operum
825 643 1135 710 exiguoque
1170 643 1402 698 adsueta
1436 643 1716 714 iuventuS,

203 719 368 772 Sacra
402 719 583 786 deum,
621 719 906 786 sanctique
941 722 1160 787 patres3
1202 723 1453 773 extrema
1489 737 1589 787 per
1625 720 1762 776 illos

207 795 430 848 Iustitia
465 795 739 849 excedens
775 796 939 850 terris
976 795 1209 862 vestigia
1244 795 1390 849 fecit.

273 871 366 924 Me
403 888 532 924 vero
569 867 802 941 primum
843 869 1030 924 dulces
1066 876 1195 924 ante
1232 871 1413 926 omnia
1448 871 1658 940 Musae,
1872 893 1951 931 475

206 947 447 1011 Quarum
484 964 638 1006 sacra
671 948 788 1001 fero
824 948 1034 1015 ingenti
1070 963 1361 1016 percussus
1396 964 1595 1014 amore,

207 1025 508 1092 Accipient,
545 1023 791 1091 caelique
827 1023 942 1076 vias
979 1027 1037 1077 et
1074 1023 1257 1076 sidera
1290 1027 1615 1087 monstrent,

205 1099 465 1153 Defectus
503 1099 630 1152 solis
667 1100 858 1166 varim,
898 1099 1167 1168 lunaeque
1202 1099 1435 1165 laboreS,

206 1175 370 1230 Unde
407 1179 616 1234 tremor
653 1176 830 1241 terris,
868 1193 978 1245 qua
1014 1175 1066 1228 vi
1103 1176 1275 1230 maria
1312 1175 1425 1228 alta
1460 1179 1783 1238 tumescant

207 1250 484 1306 Obiicibus
520 1251 696 1320 ruptis
733 1268 1030 1321 rursusque
1066 1253 1123 1305 in
1162 1268 1221 1306 se
1255 1252 1377 1320 ipsa
1411 1252 1673 1320 residant,
1864 1271 1943 1314 48⁰

208 1327 352 1394 Quid
390 1331 604 1381 tantum
644 1325 862 1380 Oceano
898 1332 1198 1397 properent
1236 1345 1295 1381 se
1332 1329 1584 1395 tinguere
1616 1329 1771 1383 soles

209 1404 458 1471 Hiber-ni,
495 1404 581 1458 vel
619 1419 758 1473 quae
795 1404 972 1458 tardis
1009 1421 1165 1456 mora
1200 1404 1449 1457 noctibus
1486 1403 1685 1457 obstet.

207 1481 316 1548 Sin,
354 1482 452 1535 has
489 1499 558 1540 ne
593 1480 797 1552 possim
834 1484 1062 1534 naturae
1101 1480 1363 1534 accedere
1400 1480 1583 1547 partis

208 1552 469 1627 Frigidus
505 1558 785 1613 obstiterit
823 1558 1025 1612 circum
1062 1555 1382 1624 praecordia
1422 1556 1654 1623 sanguis,

210 1636 360 1696 Rura
395 1635 528 1687 mihi
564 1639 622 1688 et
657 1635 797 1702 rigui
834 1633 1086 1703 placeant
1121 1633 1176 1686 in
1214 1632 1445 1686 vallibus
1476 1649 1698 1698 amnes3
1858 1651 1937 1690 ω

210 1711 462 1764 Flumina
497 1728 673 1765 amem
711 1710 981 1779 silvasque
1018 1710 1291 1777 inglorius.
1370 1708 1433 1776 O,
1472 1708 1565 1762 ubi
1595 1710 1776 1779 campi

210 1786 641 1856 Spercheusque,
681 1791 739 1841 et
775 1786 1073 1855 vlrginibus
1112 1786 1373 1840 bacchata
1412 1785 1671 1839 Lacaenis

209 1864 478 1933 Taygeta!
527 1881 574 1932 0,
613 1864 706 1933 qui
743 1880 831 1917 me
867 1862 1066 1931 gelidis
1104 1861 1436 1915 convallibus
1474 1860 1671 1915 Haemi

211 1941 396 2006 Sistat,
436 1943 494 1993 et
529 1940 737 2008 ingenti
773 1955 1046 1997 ramorum
1083 1941 1341 2007 protegat
1374 1934 1592 1991 umbra!

213 2016 383 2082 Felix,
423 2016 516 2084 qui
552 2016 733 2084 potuit
769 2032 953 2078 rerum
991 2031 1315 2083 cognoscere
1349 2029 1581 2079 caussaS,
1858 2032 1935 2070 490

214 2095 401 2167 Atque
438 2096 618 2153 metus
655 2092 828 2146 omnis
864 2096 922 2145 et
958 2089 1293 2146 inexorabile
1326 2091 1501 2145 fatum

213 2168 453 2223 Subiecit
489 2167 722 2235 pedibus
758 2169 1163 2238 strepitumque
1206 2166 1537 2221 Acherontis
1570 2166 1751 2221 avari!

213 2246 550 2298 Fortunatus
587 2249 646 2298 et
682 2245 788 2312 ille,
829 2245 963 2298 deos
999 2245 1095 2314 qui
1132 2244 1282 2297 novit
1318 2244 1562 2310 agrestia

214 2322 472 2389 Panaque
509 2320 896 2389 Silvanumque
933 2338 1120 2375 senem
1160 2318 1551 2389 Nymphasque
1588 2325 1834 2375 sorores!

215 2398 378 2453 Illum
415 2414 522 2451 non
558 2397 744 2467 populi
779 2398 968 2466 fasces,
1005 2416 1113 2452 non
1149 2414 1392 2467 purpura
1426 2413 1617 2465 regum
1854 2416 1928 2452 495

215 2475 395 2529 Flexit
429 2479 490 2528 et
522 2473 718 2535 infidos
753 2474 966 2542 agitans
995 2474 1272 2533 discordia
1306 2474 1519 2536 fratres,

217 2553 333 2607 Aut
367 2552 646 2613 coniurato
685 2552 1022 2607 descendens
1061 2552 1245 2606 Dacus
1280 2551 1351 2605 ab
1390 2550 1597 2617 Histro,
1628 2583 1634 2589 -

213 2628 265 2683 N
267 2644 338 2681 on
373 2644 463 2681 res
501 2630 779 2683 Romanae
815 2628 1171 2697 perituraque
1208 2644 1407 2696 regna;
1448 2642 1627 2694 neque
1661 2624 1757 2678 ino

215 2704 332 2757 Aut
367 2704 544 2775 doluit
579 2706 843 2758 miserans
879 2705 1113 2772 inopem,
1150 2708 1247 2757 aut
1283 2703 1479 2757 invidit
1514 2700 1753 2755 habenti.
1826 2744 1831 2748 Α

216 2777 362 2839 Quos
398 2778 534 2827 rami
570 2778 794 2844 fructus,
834 2794 970 2845 quos
1006 2778 1126 2845 ipsa
1161 2779 1398 2832 volentia
1432 2794 1562 2831 rura
1732 2822 1740 2825 .
1851 2792 1925 2829 500

216 2851 422 2916 Sponte
457 2849 636 2901 tulere
673 2867 784 2915 sua,
823 2853 1041 2919 carpsit,
1078 2869 1179 2905 nec
1213 2853 1395 2907 ferrea
1430 2852 1565 2905 iura.
1742 2870 1747 2875 ·

219 2923 589 2989 Insanumque
625 2923 799 2979 forum
836 2928 934 2975 aut
967 2926 1154 2993 populi
1190 2928 1461 2981 tabularia
1497 2925 1651 2979 vidit.

219 2994 525 3047 Sollicitant
559 2995 648 3047 alii
682 2997 847 3049 remis
877 2997 1027 3055 ,freta
1061 3016 1234 3066 caeca,
1271 3006 1548 3069 ruuntque
1605 3045 1613 3052 .

222 3068 286 3119 In
323 3066 543 3133 ferrum,
578 3072 871 3135 penetrant
905 3072 1056 3125 aulas
1073 3078 1151 3143 ‘et
1184 3074 1370 3129 limina
1398 3092 1625 3144 regum3

2067 2616 2077 2693 ——

362 3354 385 3361 -
422 3354 436 3359 —
474 3366 523 3372 ,,,
588 3365 597 3369 -
730 3362 741 3365 -
846 3356 875 3361 -
1041 3352 1445 3378 ἒ--Ὲ-
1466 3352 1997 3367 ψ”Ἠᾈ-ὴῄ-

809 3395 850 3398 -.
867 3384 1024 3399 μὲ-.
