2163 3401
271 85 332 132 10
743 83 802 130 P.
839 81 1151 131 VERGILI
1184 82 1516 132 MARONIS

270 163 474 232 Incipe,
509 179 675 232 parve
709 178 874 232 puer:
911 163 996 216 cui
1033 179 1141 216 non
1178 164 1348 218 risere
1383 168 1655 232 parenteS,

270 240 385 293 Nec
423 240 558 292 deus
593 239 736 293 hunc
771 255 972 305 mensa,
1010 238 1117 292 dea
1153 255 1253 292 nec
1290 240 1517 306 dignata
1552 239 1719 293 cubili
1754 241 1855 295 est.

835 398 886 454 E
906 397 952 454 O
973 397 1024 454 L
1045 396 1097 454 Ο
1118 395 1172 453 G
1188 397 1252 453 A
1309 396 1385 452 V.

945 499 1290 549 DAPHNIS.

803 606 1115 646 MENALOAS.
1189 605 1415 646 MOPSUS.

265 686 378 742 Me.
417 687 541 742 Otm
563 703 686 754 non,
713 687 922 754 Mopse,
949 685 1075 739 boni
1104 685 1359 753 quoniam
1386 688 1739 742 convenimus
1762 689 1935 754 ambo,

267 763 347 816 Tu
384 765 616 816 calamos
651 762 842 815 inflare
877 761 1026 828 leviS‚
1065 777 1167 828 ego
1205 761 1387 814 dicere
1424 779 1627 830 versus,

268 839 376 892 Hic
412 837 606 907 corylis
642 838 842 890 mixtas
877 837 1022 890 inter
1057 836 1388 890 considimus
1424 838 1631 892 ulmos?

263 915 384 969 Ma·
418 915 499 967 Tu
534 915 733 979 maior3
772 913 873 967 tibi
911 931 998 967 me
1029 915 1116 966 est
1139 929 1375 982 aequum
1400 931 1609 983 parere,
1635 916 1897 982 Menalca,

266 992 389 1045 Sive
427 992 528 1044 sub
564 991 801 1044 incertas
839 990 1099 1058 Zephyris
1134 991 1470 1044 motantibus
1507 991 1743 1059 umbras,
1942 1007 1965 1044 ε

265 1069 390 1121 Sive
428 1071 586 1120 antro
622 1067 805 1135 potius
843 1065 1198 1120 succedimus,
1272 1067 1494 1136 Aspice,
1530 1070 1597 1121 ut
1631 1070 1851 1120 antrum

264 1143 541 1198 Silvestris
577 1143 715 1195 raris
754 1143 956 1212 sparsit
991 1140 1243 1196 labrusca
1276 1143 1521 1197 racemis.

261 1220 374 1274 Me.
411 1218 695 1272 Montibus
731 1219 787 1272 in
823 1219 1023 1272 nostris
1063 1219 1207 1272 solus
1244 1218 1348 1272 tibi
1384 1220 1561 1272 certat
1597 1221 1881 1288 Amyntas.

204 1332 210 1336 -
261 1298 378 1353 Mo,
419 1297 578 1364 Quid,
616 1295 662 1348 si
698 1295 847 1348 idem
873 1297 1048 1348 certet
1075 1293 1359 1348 Phoebum
1387 1311 1645 1362 superare
1667 1296 1938 1350 canendo?

260 1374 374 1429 Me.
417 1374 620 1442 Incipe,
660 1373 868 1441 Mopse,
908 1374 1070 1441 prior,
1102 1370 1145 1422 si
1170 1388 1307 1440 quos
1332 1373 1428 1424 aut
1454 1370 1719 1439 Phyllidis
1742 1372 1897 1438 ignis,

262 1452 380 1505 Aut
418 1449 642 1504 Alconis
679 1449 848 1502 habes
883 1447 1089 1515 laudes,
1129 1451 1224 1500 aut
1260 1447 1437 1514 iurgia
1474 1446 1654 1501 Codri.
1918 1460 1959 1500 11

263 1527 482 1597 Incipe3
516 1527 790 1596 pascentis
828 1524 1069 1579 servabit
1107 1523 1326 1591 Tityrus
1360 1523 1579 1577 haedos.

261 1604 376 1658 Mo,
416 1605 591 1657 Immo
625 1603 774 1671 haec,
809 1602 863 1656 in
901 1600 1062 1654 viridi
1100 1616 1276 1668 nuper
1312 1616 1452 1667 quae
1488 1599 1689 1653 cortice
1722 1600 1834 1667 fagi

261 1679 516 1735 Carmina
553 1678 814 1746 descripsi
851 1680 910 1732 et
945 1675 1235 1730 modulans
1274 1675 1484 1730 alterna
1519 1675 1715 1743 notavi,

261 1756 555 1825 Experiar:
591 1757 656 1809 tu
691 1753 894 1808 deinde
930 1753 1119 1807 iubeto
1156 1755 1221 1806 ut
1256 1755 1433 1805 certet
1472 1756 1752 1821 Amyntas.
1914 1768 1960 1806 15

262 1832 370 1886 Me.
408 1831 584 1885 Lenta
619 1830 757 1883 salix
793 1832 1058 1898 quantum
1096 1829 1323 1898 pallenti
1360 1829 1508 1882 cedit
1543 1828 1731 1893 olivae,

263 1907 515 1962 Puniceis
549 1906 770 1960 humilis
807 1907 1072 1974 quantum
1112 1905 1351 1958 saliunca
1386 1906 1595 1972 rosetis,

261 1982 470 2039 Iudicio
507 1986 693 2036 nostro
730 1985 947 2035 tantum
986 1981 1091 2035 tibi
1129 1981 1276 2035 cedit
1316 1982 1597 2049 Amyntas.

259 2058 374 2113 Mo,
411 2059 522 2113 Sed
557 2062 621 2112 tu
655 2057 846 2112 desine
879 2058 1052 2125 plura,
1092 2074 1257 2125 puer;
1295 2056 1648 2109 successimus
1684 2059 1858 2112 antro.

331 2135 677 2189 Exstinctum
715 2134 1000 2201 Nymphae
1038 2132 1250 2187 crudeli
1287 2134 1479 2186 funere
1514 2131 1793 2200 Daphnim
1908 2142 1957 2183 2⁰

262 2212 523 2277 Flebant3
559 2228 654 2265 vos
691 2209 856 2277 coryli
893 2212 1066 2263 testes
1107 2212 1166 2262 et
1200 2209 1423 2263 flumina
1457 2207 1509 2261 N
1513 2206 1754 2275 ymphis3

261 2288 398 2343 Cum
433 2288 698 2358 conplexa
731 2286 815 2339 sui
853 2302 1049 2354 corpus
1088 2284 1397 2339 miserabile
1433 2283 1547 2337 nati

261 2365 450 2434 Atque
487 2365 619 2419 deos
655 2367 822 2431 atque
858 2364 1007 2415 astra
1042 2365 1201 2415 vocat
1236 2359 1477 2414 crudelia
1510 2362 1705 2413 mater.

259 2442 384 2495 Non
419 2442 517 2495 ulli
549 2443 735 2510 pastos
772 2438 877 2491 illis
913 2454 1076 2505 egere
1114 2437 1307 2491 diebus

260 2517 500 2587 Frigida,
525 2515 759 2586 Daphni,
783 2513 952 2567 boves
977 2514 1050 2567 ad
1074 2514 1327 2579 flumina3
1367 2512 1517 2566 nulla
1540 2528 1641 2566 nec
1664 2524 1879 2564 amnem
1906 2520 1950 2559 a

260 2594 476 2649 Libavit
513 2592 840 2663 quadrupes,
877 2605 980 2643 nec
1015 2589 1276 2657 graminis
1311 2587 1502 2656 attigit
1534 2586 1776 2641 herbam

259 2670 491 2740 Daphni,
529 2673 687 2725 tuum
726 2667 941 2722 Poenos
977 2665 1145 2720 etiam
1182 2663 1511 2733 ingemuisse
1547 2662 1737 2718 leones

261 2747 557 2801 Interitum
593 2748 918 2814 montesque
953 2741 1059 2796 feri
1094 2741 1369 2810 silvaeque
1408 2739 1721 2807 loquuntur.

259 2820 505 2891 Daphnis
542 2825 602 2875 et
637 2821 928 2875 Armenias
967 2836 1132 2874 curru
1168 2817 1497 2885 subiungere
1532 2814 1692 2881 tigris

261 2898 529 2965 Instituit,
565 2896 812 2964 Daphnis
847 2896 1056 2949 thiasos
1093 2894 1354 2948 inducere
1393 2890 1594 2946 Bacchi
1904 2900 1951 2938 so

261 2972 335 3026 Et
367 2974 510 3027 foliis
546 2972 724 3025 lentas
758 2970 1010 3023 intexere
1045 2969 1297 3024 mollibus
1332 2968 1531 3021 hastas

263 3047 410 3101 Vitis
442 3051 508 3101 ut
542 3046 830 3100 arboribus
865 3045 1048 3098 decori
1086 3050 1183 3110 est,
1218 3046 1284 3098 ut
1318 3044 1522 3098 vitibus
1557 3056 1711 3109 uvae,

263 3120 344 3177 Ut
375 3120 637 3190 gregibus
671 3120 833 3187 tauri,
868 3123 1086 3188 segetes
1120 3124 1183 3172 ut
1218 3119 1511 3188 pinguibus
1546 3116 1709 3179 arvi&
