2163 3401
133 71 226 119 108
617 70 672 117 P.
711 70 1018 118 VERGILI
1054 71 1313 119 MARON
1318 72 1381 119 18

131 148 267 203 Tum
302 164 431 203 vero
466 148 791 203 tremefacta
825 165 996 203 novus
1031 166 1134 218 per
1167 155 1391 218 pectora
1424 153 1637 208 cunetis
1650 216 1663 221 ,

132 224 382 278 Insinuat
417 241 598 293 pavor,
635 228 694 279 et
730 225 907 279 scelus
942 225 1269 293 expendisse
1302 232 1604 283 merentem

130 300 438 354 Laocoonta
473 300 672 367 ferunt,
711 317 922 354 sacrum
959 302 1054 369 qui
1092 302 1317 369 cuspide
1352 302 1517 355 robur
1762 322 1847 363 ιω

130 376 378 432 Laeserit
414 380 472 431 et
509 382 664 445 tergo
702 378 1019 431 sceleratam
1059 377 1341 432 intorserit
1378 377 1603 433 hastam.

129 453 450 507 Ducendum
487 454 560 506 ad
595 453 754 507 sedes
791 453 1139 507 simulacrum
1174 453 1489 523 orandaque
1524 456 1683 510 divae

129 530 366 584 Numina
399 530 748 584 conclamant.

129 605 436 661 Dividimus
472 623 655 660 muros
691 609 750 660 et
784 606 998 661 moenia
1030 607 1321 676 pandimus
1358 607 1524 661 urbis,

129 684 437 751 Accingunt
471 699 659 737 omnes
695 684 860 752 operi,
896 683 1239 752 pedibusque
1275 686 1515 737 rotarum
1758 700 1844 740 23⁵

127 759 429 813 Subiieiunt
465 759 662 827 lapsus,
698 762 756 813 et
791 763 1026 827 stuppea
1061 759 1276 812 vincula
1310 760 1446 813 eollo

129 836 446 891 Intendunt.
517 834 741 889 Scandit
775 835 954 889 fatalis
989 836 1237 889 maehina
1272 852 1469 901 muros,

128 912 267 966 Feta
300 912 478 966 armis.
555 911 718 964 Pueri
754 910 956 964 circum
991 912 1365 981 innuptaeque
1396 912 1610 981 puellae

127 988 291 1043 Sacra
326 991 542 1055 canunt,
577 987 872 1058 funemque
907 1004 1071 1041 manu
1108 989 1425 1055 contingere
1461 988 1720 1056 gaudent.

130 1064 232 1118 Illa
268 1065 428 1130 subit,
467 1062 790 1132 mediaeque
825 1062 1037 1117 minans
1072 1063 1333 1117 inlabitur
1367 1064 1500 1117 urbi.
1756 1080 1838 1121 210

128 1140 174 1192 Ο
211 1140 404 1209 patria,
441 1157 472 1192 o
509 1138 692 1191 divom
729 1139 923 1193 domus
963 1139 1142 1206 Ilium,
1178 1143 1237 1193 et
1270 1140 1478 1193 incluta
1510 1140 1654 1193 bello

129 1216 349 1269 Moenia
387 1214 795 1269 Dardanidum!
834 1220 1031 1283 quater
1065 1217 1184 1284 ipso
1220 1215 1277 1269 in
1311 1215 1497 1269 limine
1533 1220 1724 1284 portae

127 1291 400 1358 Substitit,
437 1295 606 1359 atque
641 1295 798 1344 utero
835 1292 1070 1351 sonitum
1108 1296 1306 1361 quater
1338 1308 1490 1345 arma
1524 1291 1757 1358 dedere;

128 1368 405 1421 Instamus
440 1371 640 1423 tamon,
661 1367 987 1421 inmemores
1021 1369 1277 1437 caecique
1314 1368 1513 1436 furore,

125 1445 200 1499 Et
236 1449 536 1497 monstrum
572 1443 758 1496 infelix
796 1449 1008 1497 sacrata
1043 1444 1285 1498 sistimus
1322 1461 1460 1498 arce.
1754 1460 1839 1501 245

126 1522 272 1575 Tunc
307 1521 474 1573 etiam
509 1520 640 1574 fatis
661 1520 873 1588 aperit.
894 1519 1200 1575 Cassandra
1235 1520 1434 1581 futuris

127 1597 250 1662 Ora,
286 1598 375 1651 dei
410 1597 559 1650 iussu
595 1612 701 1649 non
737 1612 999 1665 umquam
1035 1597 1245 1651 eredita
1279 1597 1513 1651 Teucris.

125 1672 240 1728 Nos
277 1672 506 1727 delubra
541 1672 704 1726 deum
741 1672 942 1740 miseri,
978 1673 1177 1743 quibus
1211 1673 1437 1728 ultimus
1473 1676 1621 1728 esset

125 1751 229 1804 Ille
267 1751 405 1818 dies,
433 1751 574 1804 festa
609 1749 851 1804 velamus
886 1749 1080 1804 fronde
1116 1767 1215 1818 per
1249 1749 1454 1804 urbem.

195 1827 448 1880 Vertitur
484 1827 697 1880 interea
731 1827 940 1880 caelum
977 1829 1034 1880 et
1069 1827 1183 1881 ruit
1218 1842 1418 1880 oceano
1456 1826 1596 1894 Nox,
1752 1841 1839 1882 ιω

126 1903 413 1957 Involvens
446 1902 642 1956 umbra
675 1919 870 1970 magna
904 1908 1221 1971 terramque
1255 1903 1550 1972 polumque

125 1979 636 2048 Myrmidonumque
674 1979 857 2044 dolos;
890 1978 996 2032 fusi
1033 1995 1133 2048 per
1169 1979 1383 2033 moenia
1420 1977 1615 2033 Teucri

127 2055 477 2120 Conticuere3
515 2071 676 2124 sopor
710 2054 898 2108 fessos·
917 2055 1291 2123 conplectitur,
1312 2059 1477 2109 artus.

125 2132 198 2185 Et
233 2132 340 2185 iam
379 2131 587 2199 Argiva
620 2131 857 2199 phalanx
892 2131 1175 2184 instructis
1208 2130 1435 2184 navibus
1469 2130 1583 2184 ibat
1688 2172 1699 2182 .

125 2212 178 2262 A
217 2207 451 2276 Tench,
487 2208 686 2261 tacitae
722 2224 822 2275 per
856 2207 1029 2260 amica
1065 2207 1281 2260 silentia
1316 2207 1475 2260 lunae
1753 2223 1837 2263 2⁵5

126 2285 314 2339 Litora
347 2288 478 2338 nota
511 2288 721 2351 petens»,
759 2283 1002 2342 flammas
1035 2299 1161 2336 cum
1198 2283 1349 2350 regia
1382 2280 1580 2351 puppis

125 2361 428 2424 Extulerat,
464 2360 702 2426 fatisque
739 2359 902 2412 deum
940 2358 1198 2412 defensus
1235 2358 1435 2425 iniquis

127 2437 369 2490 Inclusos
403 2439 562 2490 utero
600 2435 818 2488 Danaos
854 2438 912 2488 et
946 2434 1107 2503 pinea
1139 2432 1330 2487 furtim

125 2513 299 2567 Laxat
334 2513 572 2566 claustra
609 2506 787 2565 Sinon.
865 2510 995 2564 Illos
1029 2510 1338 2579 patefactus
1374 2509 1448 2563 ad
1481 2526 1643 2564 auras

125 2590 335 2644 Reddit
369 2605 558 2657 equus,
597 2588 836 2657 laetique
870 2603 1000 2640 cavo
1038 2603 1097 2640 se
1134 2586 1333 2640 robore
1368 2589 1625 2654 promunt
1755 2598 1836 2640 2oe

124 2665 496 2720 Thessandrus
533 2665 932 2732 Sthenelusque
969 2662 1135 2717 duces
1170 2667 1228 2716 et
1264 2662 1419 2716 dirus
1455 2662 1663 2728 Ulixes,

125 2741 435 2794 Demissum
470 2741 608 2808 lapsi
643 2757 742 2808 per
777 2741 978 2806 funem,
1019 2740 1379 2807 Acamasque,
1419 2737 1721 2806 Thoasque,

124 2815 452 2882 Pelidesque
490 2815 539 2866 N
544 2817 893 2882 eoptolcniuS‚
928 2815 1249 2884 primusque
1287 2813 1569 2881 Machaon,

125 2890 199 2944 Et
236 2889 530 2953 MenelauS,
568 2892 626 2942 ct
660 2891 778 2957 ipse
814 2891 926 2944 doli
963 2889 1257 2944 fabricator
1295 2890 1492 2958 Epcus.
1582 2888 1588 2891 ’

127 2965 404 3018 Invadunt
438 2963 630 3016 urbem
667 2982 851 3018 soxnno
889 2967 1120 3035 vinoque
1157 2966 1458 3034 sepultam3
1756 2975 1837 3017 285

127 3039 444 3092 Caeduntur
478 3039 682 3105 vigiles,
717 3041 1000 3109 portisque
1033 3041 1352 3110 patentibus
1389 3041 1563 3094 omnis

132 3113 421 3180 Accipiunt
455 3114 624 3168 socios
657 3116 824 3181 atque
859 3117 1074 3185 agmina
1108 3117 1323 3174 conscia
1357 3117 1603 3186 iungunt.
