2163 3401
691 359 749 408 P.
785 356 1097 405 VERGILI
1133 353 1469 402 MARONIS

620 512 1545 622 AENEIDROS

757 699 991 753 LIBER
1044 697 1413 780 QUARTUS.

999 859 1202 888 —4-..-

241 991 328 1042 ΛΤ
368 989 561 1054 regina
593 985 747 1054 gravi
783 986 1103 1042 iamdudum
1142 987 1323 1041 saucia
1357 1001 1483 1039 cura

241 1063 445 1116 Volnus
482 1061 580 1113 alit
614 1062 775 1126 venis,
813 1066 871 1115 et
906 1080 1066 1118 caeco
1104 1064 1347 1132 carpitur
1382 1060 1507 1128 igni.

239 1135 414 1193 Multa
448 1137 550 1189 viri
587 1138 762 1190 virtus
799 1140 992 1207 anim0,
1031 1140 1348 1208 multusque
1382 1139 1636 1189 recursat

237 1215 428 1270 Gentis
462 1214 661 1280 honos;
697 1215 924 1269 haerent
959 1217 1115 1269 infixi
1150 1219 1373 1285 pectore
1408 1212 1587 1264 voltus

237 1289 544 1360 Verbaque,
572 1307 672 1344 ncc
695 1291 964 1360 placidam
993 1292 1259 1347 membris
1288 1292 1385 1343 dat
1404 1305 1533 1342 cura
1557 1290 1844 1356 quietem.
1952 1305 1973 1342 ε

236 1368 462 1422 Postera.
501 1366 756 1421 Phoebea.
791 1367 1067 1423 lustrabat
1103 1367 1359 1436 lampade
1396 1370 1572 1419 terras

236 1443 682 1512 Humentemque
723 1445 938 1498 Aurora
973 1445 1098 1515 polo
1138 1444 1445 1498 dimoverat
1480 1440 1759 1507 umbram,

235 1521 372 1575 Cum
408 1520 484 1573 sic
522 1520 833 1573 unanimam
870 1521 1188 1590 adloquitur
1224 1520 1367 1574 male
1408 1535 1536 1572 sana
1573 1533 1867 1572 sororem:

233 1598 396 1650 Anna
432 1613 600 1664 soror,
637 1613 778 1664 quae
815 1615 904 1650 me
942 1615 1258 1667 suspensam
1294 1595 1558 1650 insomnia
1591 1597 1863 1650 terrent!

233 1674 365 1739 Quis
400 1689 568 1727 novus
603 1672 691 1726 hic
728 1675 930 1728 nostris
969 1674 1230 1729 successit
1270 1672 1495 1727 sedibus
1531 1671 1754 1741 hospes,
1922 1685 1967 1725 ιο

233 1750 407 1814 Quem
444 1766 563 1803 sese
601 1766 694 1803 ore
729 1751 926 1821 ferens,
965 1769 1129 1821 quam
1168 1751 1298 1805 forti
1335 1754 1559 1820 pectore
1595 1753 1655 1802 ct
1694 1750 1881 1804 armis
1896 1756 1915 1805 ε’

233 1826 412 1880 Credo
450 1826 724 1896 equidem,
760 1844 860 1881 nec
897 1845 1036 1881 vana
1067 1827 1223 1895 fides,
1259 1844 1431 1896 genus
1468 1843 1589 1879 esse
1625 1826 1895 1881 deorum.

234 1902 546 1970 Degeneres
583 1904 788 1957 animos
825 1904 989 1957 timor
1025 1904 1223 1973 arguit.
1302 1904 1445 1970 Heu,
1484 1902 1685 1972 quibus
1722 1902 1825 1956 ille

236 1978 480 2032 Iactatus
514 1979 669 2033 fatis!
710 1997 852 2049 quae
888 1980 1032 2034 bella
1068 1980 1338 2034 exhausta
1373 1980 1628 2033 canebat!

235 2054 290 2109 Si
325 2054 456 2107 mihi
493 2071 597 2108 non
635 2055 814 2109 animo
850 2056 1019 2110 fixum
1057 2057 1437 2125 inmotumque
1474 2054 1721 2119 sederet,
1928 2072 1969 2111 15
2054 2104 2056 2109 .

235 2132 321 2186 Ne
355 2132 441 2185 cui
479 2148 566 2185 me
603 2132 775 2185 vinclo
813 2133 1008 2187 vellem
1048 2133 1253 2187 sociare
1289 2133 1470 2202 iugali,
2054 2112 2057 2225 J

239 2211 533 2277 Postquam
568 2208 780 2278 primus
817 2226 968 2262 amor
1004 2209 1294 2278 deceptam
1333 2212 1511 2263 morte
1546 2206 1783 2274 fefellit;

237 2287 292 2340 Si
328 2303 434 2339 non
470 2289 784 2354 pertaesum
821 2286 1049 2340 thalami
1087 2286 1394 2355 taedaeque
1428 2286 1635 2353 fuisset,
1902 2300 1911 2308 ·
2052 2240 2055 2359 ἱ

241 2363 382 2415 Huic
416 2362 508 2415 uni
546 2362 730 2414 forsan
766 2364 921 2431 potui
959 2362 1313 2417 succumbere
1351 2362 1562 2430 culpae.

240 2442 414 2505 Anna,
453 2436 669 2492 fatebor
707 2440 868 2507 enim,
905 2439 1091 2493 miseri
1128 2443 1252 2508 post
1289 2440 1401 2492 fata
1438 2436 1661 2507 Sychaei
1926 2452 1969 2490 20

238 2516 491 2584 Coniugis
527 2520 585 2569 et
621 2531 838 2585 sparsos
873 2516 1119 2569 fraterna
1156 2515 1324 2569 caede
1363 2514 1601 2579 Penatis,

237 2591 394 2645 Solus
429 2592 518 2645 hic
553 2592 765 2645 inflexit
805 2608 1009 2658 sensuS,
1049 2593 1406 2660 animumque
1441 2590 1723 2644 labantem

238 2667 460 2737 Inpulit.
532 2669 824 2737 Adgnosco
861 2671 1063 2723 veteris
1100 2670 1329 2737 vestigia
1363 2668 1626 2721 flammae.

239 2743 348 2796 Sed
383 2744 516 2796 mihi
554 2746 638 2797 vel
676 2747 840 2799 tellus
878 2749 1064 2814 optem
1102 2747 1253 2815 prius
1287 2746 1398 2798 ima
1434 2743 1692 2807 dehiscat,

239 2817 342 2871 Vel
371 2818 537 2871 Pater
565 2821 904 2886 omnipotens
929 2822 1120 2889 adigat
1142 2838 1232 2875 me
1267 2821 1491 2874 fulmine
1514 2818 1587 2872 ad
1608 2816 1854 2882 umbras,
1914 2834 1957 2872 a

240 2892 501 2942 Pallentis
537 2892 760 2944 umbras
801 2896 967 2946 Erebi
1003 2900 1333 2964 noctemque
1367 2894 1712 2964 profundam,

243 2966 408 3024 Ante,
448 2964 646 3027 Pudor,
685 2981 846 3029 quam
883 2971 940 3019 te
976 2970 1131 3033 viole,
1169 2974 1266 3023 aut
1302 2974 1398 3023 tua
1434 2970 1553 3023 iura
1587 2970 1818 3023 resolvo.

242 3033 346 3085 Ille
381 3050 543 3099 meos,
581 3037 788 3101 primus
825 3040 915 3103 qui
951 3057 1040 3093 me
1077 3010 1182 3095 si’bi
1216 3043 1411 3112 iunxit,
1444 3061 1659 3099 amores

241 3105 530 3166 Abstulit·
561 3108 654 3159 ille
689 3108 890 3161 habeat
927 3128 1109 3165 secum
1147 3122 1438 3187 servetque
1477 3121 1784 3189 sepulchro.

1726 995 1805 1082 ‘x
