2163 3401
732 643 793 693 P.
838 641 1152 692 VERGILI
1194 638 1534 690 MARONIS

669 763 747 839 G
780 764 850 836 E
888 764 956 839 O
995 764 1071 835 R,
1109 762 1182 837 G
1218 763 1261 835 Ι
1297 761 1360 837 C
1399 762 1467 837 O
1508 758 1586 833 N

801 929 1040 983 LIBER.
1090 927 1464 995 QUARTUS.

1034 1103 1240 1133 —b—

272 1248 566 1303 Pnownms
602 1248 737 1303 aerii
774 1250 951 1303 mellis
988 1250 1248 1303 caelestia
1284 1249 1428 1302 dona

272 1324 576 1393 Exsequar.
652 1324 811 1379 Hanc
846 1326 1029 1391 etiam,
1070 1324 1374 1391 Maecenas,
1410 1325 1592 1393 aspice
1627 1328 1856 1393 partem.

282 1400 632 1454 Admiranda
666 1400 770 1454 tibi
805 1401 1007 1454 levium
1046 1400 1356 1469 spectacula
1391 1417 1574 1453 rerum

278 1475 775 1545 Magnanimosque
814 1476 981 1530 duces
1017 1476 1300 1543 totiusque
1337 1476 1530 1529 ordine
1565 1477 1750 1545 gentis

272 1552 461 1607 Mores
500 1556 561 1605 et
598 1553 782 1605 studia
816 1556 875 1607 et
908 1553 1136 1622 populos
1175 1557 1232 1608 et
1268 1552 1476 1621 proelia
1516 1553 1710 1606 dicam.
1967 1570 1993 1607 σ

274 1630 345 1682 In
380 1629 536 1682 tenui
575 1628 760 1694 labor3
803 1634 861 1683 at
898 1630 1079 1683 tenuis
1118 1646 1225 1683 non
1265 1628 1454 1697 gloria,
1493 1629 1538 1681 si
1575 1646 1736 1698 quem

273 1706 519 1760 Numina
555 1706 710 1760 laeva
748 1707 933 1760 sinunt
952 1706 1236 1774 auditque
1275 1709 1500 1760 vocatus
1538 1707 1751 1776 Apollo,

350 1782 623 1850 Principio
661 1781 821 1836 sedes
857 1781 1051 1850 apibus
1091 1783 1368 1850 statioque
1404 1783 1658 1854 petenda,

274 1860 399 1924 Quo
433 1875 615 1927 neque
650 1859 723 1913 sit
757 1861 937 1914 ventis
978 1860 1371 1927 aditus,—nam
1407 1861 1608 1929 pabula
1642 1863 1788 1916 venti

272 1935 447 1990 Ferre
471 1935 695 1989 domum
720 1935 1266 2006 prohibent—neque
1293 1954 1419 1992 oves
1444 1938 1714 2007 haedique
1738 1939 1942 2007 petulci

274 2011 528 2065 Floribus
565 2012 844 2078 insultent,
882 2020 981 2066 aut
1019 2029 1208 2066 errans
1247 2013 1444 2068 bucula
1478 2031 1668 2083 campo
1946 2028 1993 2066 11

274 2088 535 2142 Decutiat
572 2105 769 2155 rorem,
810 2092 869 2143 et
906 2089 1181 2158 surgentis
1219 2094 1427 2145 atterat
1461 2091 1672 2145 herbas.

274 2164 481 2218 Absint
515 2169 574 2218 et
609 2165 743 2232 picti
782 2166 1092 2234 squalentia
1131 2171 1290 2235 terga
1323 2168 1514 2221 lacerti

274 2240 581 2308 Pinguibus
618 2259 651 2294 a
687 2241 935 2309 stabulis,
976 2260 1355 2313 meropesque,
1393 2244 1641 2313 aliaeque
1675 2245 1940 2303 volucres.

275 2319 352 2372 Et
391 2319 639 2372 manibus
679 2319 887 2372 Procne
926 2323 1117 2389 pectus
1157 2322 1369 2389 signata
1402 2321 1671 2386 cruentis3
1945 2335 1994 2374 15

275 2395 475 2448 Omnia
510 2412 637 2448 nam
673 2397 785 2449 late
823 2401 1057 2464 vastant,
1097 2399 1354 2470 ipsasque
1394 2398 1622 2452 volantis

275 2471 389 2525 Ore
424 2472 612 2533 ‚ferunt
652 2473 865 2526 dulcem
905 2474 1049 2527 nidis
1087 2475 1367 2529 inmitibus
1406 2492 1598 2529 escam.

276 2550 362 2603 At
398 2548 587 2616 liquidi
625 2549 805 2603 fontes
846 2556 902 2605 et
940 2555 1139 2619 stagna
1175 2553 1406 2606 virentia
1440 2568 1624 2605 musco

276 2625 499 2694 Adsint,
538 2630 598 2681 et
634 2629 811 2681 tenuis
851 2630 1062 2697 fugiens
1101 2647 1201 2698 per
1237 2630 1482 2698 gramina
1516 2629 1678 2694 rivus,

276 2704 577 2773 Palmaque
619 2704 945 2760 vestibulum
984 2710 1080 2761 aut
1116 2707 1311 2776 ingens
1349 2705 1583 2759 oleaster
1618 2703 1912 2770 inumbret,

274 2779 373 2846 Ut,
411 2797 534 2833 cum
570 2781 749 2849 prinia
785 2783 910 2836 novi
949 2783 1153 2838 ducent
1190 2782 1440 2837 examina
1473 2797 1633 2850 reges
1947 2793 1995 2832 ει

274 2857 429 2912 Vere
464 2875 576 2926 sue,
614 2857 879 2928 ludetque
916 2861 1052 2914 favis
1089 2861 1284 2915 emissa
1320 2859 1586 2924 iuventus,

273 2935 473 2990 Vicina
504 2935 701 2990 invitet
740 2936 1011 2992 decedere
1048 2939 1171 3006 ripa
1207 2937 1387 3001 calori,

274 3012 567 3081 Obviaque
601 3012 851 3084 hospitiis
884 3018 1071 3068 teneat
1105 3009 1490 3066 frondentibus
1525 3007 1700 3061 arbos.

275 3089 349 3143 In
386 3089 644 3152 medium,
684 3106 781 3142 seu
818 3091 989 3144 stabit
1023 3091 1186 3151 iners,
1226 3103 1323 3138 seu
1359 3086 1596 3154 profluet
1630 3081 1841 3141 humor,
1949 3086 1998 3124 2⁶

274 3169 644 3222 Tmnsversas
679 3165 870 3218 salices
908 3170 965 3218 ct
1000 3162 1232 3230 grandia
1267 3160 1470 3214 coniice
1507 3172 1651 3218 saxa,
