2163 3401
718 105 1086 157 AENEIDOS
1118 106 1258 158 LIB.
1296 106 1428 159 XII.
1826 119 1914 165 331

237 188 306 244 Et
334 187 483 243 furiis
518 187 757 255 agitatus
792 204 945 241 amor
979 191 1039 242 et
1073 188 1291 244 conscia
1322 189 1512 245 virtus.

236 265 311 319 Ut
340 265 570 333 primum
607 262 881 317 discussae
917 263 1144 317 umbrae
1178 269 1236 319 et
1270 266 1365 319 lux
1399 266 1624 321 reddita
1655 269 1842 337 menti,

238 340 499 395 Ardentis·
524 339 798 393 oculorum
836 339 985 393 orbis
1020 341 1094 394 ad
1127 342 1343 396 moenia
1377 344 1538 399 torsit
1851 360 1924 401 070

133 414 141 421 ”
234 416 509 482 Turbidus,
548 432 689 483 eque
723 414 859 468 rotis
894 432 1147 483 magnam
1182 420 1427 488 respexit
1460 420 1533 473 ad
1567 419 1772 475 urbem·

232 493 363 547 Eece
394 495 595 557 autem,
631 490 861 545 flammis
896 494 1043 547 inter
1076 494 1326 549 tabulata
1360 496 1575 549 volutus

232 568 320 621 Ad
352 568 557 621 caelum
592 567 839 621 undabat
874 575 1067 624 vertex
1101 572 1410 641 turrimque
1447 572 1690 662 tenebat,

230 644 448 712 Turrim,
484 644 779 714 compactis
814 646 1067 701 trabibus
1102 665 1269 717 quam
1303 649 1573 703 eduxerat
1605 649 1726 717 ipse

228 719 661 791 Subdideratque
696 716 847 775 rotas
880 723 1175 794 pontisque
1209 726 1537 779 instraverat
1571 724 1725 779 altos.

228 795 342 850 Iam
374 797 483 851 iam
516 798 647 865 fata,
686 813 839 851 soror
873 804 1165 870 superant;
1199 802 1406 856 absisto
1440 801 1672 866 morari3

227 872 340 936 Quo
372 873 507 928 deus
543 879 602 929 et
636 892 745 945 quo
782 876 921 930 dura
954 892 1118 933 vocat
1154 876 1414 943 Fortuna,
1450 891 1758 945 sequamur.

224 948 343 1003 Stat
363 951 605 1005 conferre
629 968 851 1005 manum
878 955 1117 1022 Aeneae,
1143 956 1269 1021 stat,
1295 952 1565 1022 quidquid
1596 951 1781 1005 acerbi
1816 966 1911 1017 esa,

222 1024 398 1079 Morte
429 1028 577 1095 pati;
613 1045 791 1097 neque
825 1044 915 1083 me
950 1030 1280 1097 indecorem,
1313 1044 1586 1096 germana,
1623 1026 1836 1082 videbis

223 1102 479 1170 Amplius.
554 1104 733 1170 Hunc,
757 1120 867 1172 oro,
893 1105 1009 1158 siue
1032 1120 1124 1157 me
1145 1104 1332 1157 furere
1353 1108 1484 1159 ante
1507 1104 1761 1159 furorem.
1845 1118 1906 1155 ω’

219 1176 385 1246 Dixit,
422 1182 483 1233 et
517 1197 550 1235 e
584 1197 749 1235 curru
783 1181 982 1236 saltum
1019 1180 1178 1236 dedit
1212 1182 1360 1236 ocius
1395 1181 1554 1249 arvis,

218 1253 429 1324 Perque
462 1257 649 1326 hostis,
682 1275 784 1327 per
818 1258 931 1312 tela
966 1258 1094 1325 ruit,
1130 1263 1504 1327 maestamque
1539 1274 1782 1313 sororem

215 1329 449 1400 Deserit,
486 1350 549 1387 ac
583 1334 775 1403 rapido
810 1350 974 1388 cursu
1008 1335 1193 1388 media
1227 1334 1444 1402 agmina
1477 1334 1696 1402 rumpit.

215 1407 301 1461 Ac
332 1408 503 1463 veluti
536 1411 736 1464 montis
774 1427 966 1465 saxum
1000 1410 1072 1465 de
1108 1411 1314 1466 vertice
1348 1425 1609 1477 praeceps

212 1482 350 1537 Cum
384 1485 511 1553 ruit,
546 1485 790 1540 avolsum
826 1491 1005 1555 vento,
1042 1503 1139 1541 seu
1175 1485 1432 1541 turbidus
1460 1484 1638 1538 imber
1847 1497 1917 1535 ess

209 1558 436 1628 Proluit,
472 1563 571 1615 aut
604 1563 761 1616 annis
797 1564 957 1618 solvit
992 1564 1252 1632 sublapsa
1285 1565 1559 1626 vetustas3

208 1634 413 1689 Fertur
448 1636 506 1690 in
540 1637 836 1708 abruptum
871 1656 1065 1708 magno
1103 1655 1258 1692 mons
1293 1635 1555 1706 inprobus
1589 1637 1732 1704 actu,

205 1703 572 1783 Exsultatque
610 1715 738 1783 soln,
776 1716 939 1769 silvas
977 1719 1230 1769 armenta
1265 1714 1521 1781 virosque

207 1788 497 1842 Involvens
532 1807 748 1847 secum:
786 1791 1016 1846 disiecta
1050 1807 1152 1859 per
1185 1790 1401 1858 agmina
1438 1789 1649 1842 Turnus

202 1863 295 1919 Sic
328 1865 483 1920 urbis
586 1868 629 1921 t
662 1868 736 1922 ad
771 1883 971 1935 muroS,
1004 1866 1103 1921 ubi
1136 1866 1372 1935 plurima
1404 1866 1526 1918 fuso
1845 1879 1914 1918 000

201 1941 482 2010 Sanguine
574 1943 903 2010 rra,madet
942 1943 1295 2013 striduntque
1328 1942 1619 1997 hastilibus
1653 1925 1848 2007 aurae3

199 2018 596 2087 Significatque
630 2034 809 2086 manu,
847 2023 906 2073 et
940 2036 1137 2088 magno
1173 2020 1331 2074 simul
1367 2018 1560 2088 incipit
1594 2035 1715 2074 ore:

200 2093 427 2148 Parcite
460 2095 582 2162 iam,
610 2094 819 2164 Rutuli,
854 2097 915 2149 et
948 2111 1044 2148 vos
1079 2095 1194 2148 tela
1226 2094 1488 2159 inhibete,
1526 2094 1740 2147 Latini·
1725 2136 1740 2160 ,

196 2169 594 2240 Quaecumque
629 2174 717 2225 est
752 2171 1011 2238 Fortuna,
1048 2185 1172 2222 mea
1207 2172 1323 2234 est3
1357 2185 1448 2222 me
1480 2169 1662 2222 verius
1693 2185 1865 2221 unum

195 2245 311 2300 Pro
348 2245 507 2300 vobis
538 2245 735 2301 foedus
769 2247 937 2313 luere,
976 2249 1035 2301 et
1070 2245 1367 2299 decernere
1402 2244 1564 2298 ferro.
1843 2257 1912 2296 oee

188 2321 521 2378 Discessere
556 2339 742 2378 omnes
777 2323 962 2392 medii,
998 2322 1350 2392 spatiumque
1385 2319 1605 2373 dedere.

265 2400 355 2452 At
391 2402 552 2468 pater
589 2399 822 2468 Aeneas,
857 2399 1047 2455 audito
1083 2397 1302 2452 nomine
1338 2394 1522 2464 Turni,

186 2473 427 2530 Deserit
462 2478 522 2528 et
556 2493 755 2545 muros,
791 2480 849 2530 et
883 2491 1122 2530 summas
1159 2474 1368 2529 deserit
1400 2489 1567 2541 arces,

184 2551 651 2620 Praecipitatque
685 2567 865 2606 moras
900 2551 1090 2618 omnis,
1127 2567 1295 2620 opera
1329 2550 1512 2603 omnia
1544 2547 1768 2617 rumpit,

181 2627 442 2682 Laetitia
478 2627 773 2696 exsultans,
807 2627 1252 2695 horrendumque
1286 2627 1501 2680 intonat
1535 2626 1726 2679 armis:
1791 2685 1798 2691 .
1839 2638 1913 2678 700

182 2705 455 2770 Quantus
489 2705 685 2774 Athos,
720 2708 818 2758 aut
854 2707 1093 2774 quantus
1130 2704 1292 2773 Eryx,
1327 2706 1426 2758 aut
1459 2701 1592 2771 ipse,
1627 2701 1864 2756 coruscis

178 2780 339 2834 Cum
378 2781 567 2836 fremit
598 2781 827 2850 ilicibus,
864 2785 1118 2850 quantus,
1153 2780 1470 2849 gaudetque
1504 2777 1670 2833 nivali

176 2856 431 2911 Vertice
467 2873 527 2911 se
560 2857 816 2913 attollens
849 2860 1010 2927 pater
1046 2857 1410 2926 Appenninus
1445 2855 1519 2908 ad
1553 2871 1727 2908 auras.

172 2932 318 2987 Iam
358 2948 489 2986 vero
524 2936 585 2987 et
622 2933 812 2987 Rutuli
846 2931 1101 2987 certatim
1136 2935 1196 2986 et
1232 2931 1399 2986 Troes
1434 2933 1493 2983 et
1526 2945 1712 2983 omnes

171 3009 539 3064 Convertere
574 3008 757 3062 oculos
793 3009 940 3077 Itali,
976 3008 1180 3075 quique
1215 3007 1328 3060 alta
1360 3003 1627 3058 tenebant
1829 3015 1914 3060 ,706

167 3084 439 3151 Moenia,
477 3084 681 3152 quique
715 3082 870 3136 imos
888 3081 1184 3151 pulsabant
1217 3081 1392 3134 ariete
1426 3094 1626 3145 muros,

168 3160 489 3222 Armaque
523 3157 829 3225 deposuere
863 3155 1122 3210 humeris.
1192 3155 1393 3220 Stupet
1426 3152 1547 3218 ipse
1582 3151 1814 3208 Latinus
1879 3173 1886 3180 ·
