2163 3401
202 132 296 179 202
665 128 723 176 P.
762 127 1068 175 VERGILI
1102 126 1436 175 MARONIS

193 210 514 263 Concretam
551 208 754 262 exemit
787 206 982 274 labem,
1019 222 1330 275 purumque
1366 206 1627 275 relinquit

194 286 515 339 Aetherium
554 302 770 338 sensum
807 290 974 353 atque
1009 284 1161 336 aurai
1200 283 1457 352 simplicis
1491 284 1694 351 ignem.

194 363 311 415 llas
347 362 534 429 omnis,
572 361 664 413 ubi
703 360 850 413 mille
885 366 1064 414 rotam
1102 361 1323 413 volvere
1360 377 1461 429 per
1495 374 1682 429 annea,

192 438 491 491 Lethaeum
529 438 600 489 ad
637 436 856 490 fluvium
895 435 1030 491 deus
1065 441 1259 491 evocat
1294 438 1511 505 agmine
1546 452 1766 504 magne,

190 515 407 567 Scilicet
439 515 764 567 inmemores
801 530 1000 582 supera
1033 518 1100 567 ut
1135 528 1379 567 convexa
1414 514 1659 567 revisant
1834 526 1925 568 '750

192 591 401 643 Rursus
436 595 494 643 et
529 590 791 657 incipiant
825 590 880 642 in
918 606 1145 659 corpora
1180 590 1321 643 velle
1356 590 1575 644 reverti.

260 667 489 720 Dixerat
526 667 807 733 Anchises.
845 671 1149 735 natumque
1184 683 1404 735 unaque
1441 665 1704 735 Sibyllam

190 743 501 798 Conventus
538 742 710 796 trahit
743 743 800 795 in
837 742 1048 795 medios
1084 743 1415 811 turbamque
1452 747 1753 810 sonantem,

189 820 264 873 Et
297 820 567 874 tumulum
605 819 766 887 capit,
805 819 954 872 unde
989 819 1163 873 omnis
1198 819 1359 887 longo
1397 819 1589 894 ordine
1622 819 1796 889 possit

191 896 467 950 Adversos
503 896 701 964 legere,
737 900 795 949 et
829 896 1143 949 venientum
1179 895 1392 949 discere
1428 895 1623 949 voltus.
1828 908 1917 949 :²55

257 972 309 1025 N
316 989 416 1025 unc
453 988 567 1039 age,
607 971 936 1025 Dardaniam
972 972 1181 1040 prolem
1216 988 1357 1038 quae
1393 971 1593 1024 deinde
1638 976 1914 1039 sequatur

189 1048 390 1115 Gloria,
428 1049 522 1117 qui
560 1051 813 1101 maneant
852 1048 994 1101 Itala
1029 1047 1101 1100 de
1136 1052 1303 1115 gente
1338 1051 1581 1115 nepotes,

191 1124 446 1177 Inlustris
481 1125 686 1177 animas
721 1131 1076 1192 nostrumque
1110 1125 1166 1176 in
1202 1140 1399 1177 nomeu
1432 1123 1621 1192 ituras,

189 1200 492 1269 Expediam
529 1200 706 1266 dietis,
744 1206 801 1254 et
836 1204 896 1254 te
930 1205 1026 1254 tua
1061 1200 1178 1254 fata
1212 1199 1432 1254 doeeb0.

190 1276 307 1342 Ille,
345 1276 514 1342 vides,
549 1293 688 1345 pura
725 1277 933 1329 iuvenis
969 1278 1062 1346 qui
1099 1276 1293 1331 nititur
1327 1276 1499 1341 hasta,
1826 1291 1911 1331 7oe

192 1353 462 1405 Proxuma
499 1357 646 1406 sorte
681 1356 835 1407 tenet
871 1353 1006 1406 lucis
1041 1354 1172 1420 loca,
1211 1354 1415 1422 primus
1451 1352 1523 1406 ad
1558 1368 1722 1407 auras

192 1428 485 1482 Aetherias
525 1430 667 1482 Italo
703 1430 1028 1483 commixtus
1065 1430 1329 1497 sanguine
1364 1433 1570 1497 surget,

189 1504 402 1571 Silvius,
442 1503 714 1558 Albanum
751 1522 963 1571 nomen,
1001 1509 1101 1559 tua
1134 1511 1387 1574 postuma
1420 1505 1617 1573 proice,

189 1580 363 1643 Quem
400 1580 504 1634 tibi
542 1581 804 1649 longaevo
841 1598 1024 1636 serum
1065 1582 1291 1635 Lavinia
1324 1583 1560 1635 coniunx

188 1656 406 1712 Educet
439 1657 589 1712 silvis
624 1674 810 1726 regem
847 1674 1151 1727 regumque
1176 1662 1485 1728 parentem,
1823 1670 1908 1714 ⁷oe

188 1733 350 1787 Unde
385 1751 558 1803 genus
595 1735 785 1802 Longa
819 1740 1066 1789 nostrum
1104 1735 1479 1789 dominabitur
1515 1733 1673 1788 Alba.

191 1809 492 1864 Proxumus
527 1810 620 1864 illc
659 1811 871 1877 Procas,
911 1811 1174 1866 Troianae
1209 1811 1383 1879 gloria
1414 1811 1609 1878 gentiS,

189 1885 262 1938 Et
299 1888 489 1954 CapyS,
528 1891 585 1940 et
621 1888 893 1954 Numitor,
933 1891 992 1941 et
1027 1889 1122 1956 qui
1158 1891 1217 1940 te
1254 1887 1473 1940 nomine
1508 1886 1710 1941 reddet

188 1960 386 2014 Silvius
423 1964 657 2029 Aeneae,
695 1965 906 2032 pariter
940 1964 1149 2033 pietate
1184 1963 1269 2018 vel
1304 1963 1471 2016 armis

188 2036 471 2105 Egregiuz,
496 2039 540 2091 si
565 2056 822 2108 umquam
846 2041 1181 2108 regnandam
1208 2039 1480 2108 acceperit
1508 2038 1722 2092 Albam.
1821 2053 1909 2096 m

188 2112 293 2177 Qui
327 2113 574 2169 iuvenes!
614 2121 847 2183 quantas
883 2121 1178 2185 ostentant,
1216 2116 1413 2184 aspice,
1447 2115 1594 2182 viria,

190 2190 379 2260 Atque
415 2191 668 2244 umbrata
699 2196 900 2259 gerunt
931 2193 1074 2246 civili
1108 2196 1356 2260 tempora
1392 2194 1628 2258 quercu!

189 2265 266 2318 Ili
301 2266 403 2320 tibi
439 2267 772 2322 Nomentum
809 2273 867 2322 et
905 2269 1107 2322 Gabios
1142 2268 1447 2336 urbemque
1483 2266 1763 2332 Fidenam,

188 2340 267 2395 Hi
305 2342 597 2397 Collatinas
631 2345 893 2413 inponent
925 2346 1200 2399 montibus
1234 2361 1404 2409 arces,

189 2418 464 2472 Pometios
501 2419 864 2487 Castrumque
905 2421 1026 2474 Inui
1067 2413 1370 2489 Bolamque
1408 2420 1727 2486 Coramque.
1822 2435 1905 2476 775

189 2494 342 2547 Hace
366 2497 484 2547 tum
509 2495 727 2548 nomina
753 2501 930 2564 crunt,
957 2513 1100 2551 nune
1124 2501 1253 2551 sunt
1276 2496 1395 2549 sine
1418 2496 1635 2548 nomine
1656 2499 1867 2550 terrae.

187 2571 329 2635 Quin
365 2573 424 2624 et
460 2585 560 2622 avo
595 2573 849 2626 comitem
888 2589 1008 2628 sese
1047 2573 1349 2627 Mavortius
1384 2571 1559 2626 addet

187 2645 464 2712 Romulus,
506 2646 758 2700 Assaraci
794 2665 957 2717 quem
993 2649 1269 2718 sanguinis
1310 2647 1416 2701 Ilia
1450 2651 1628 2701 mater

188 2719 412 2772 Educet.
487 2720 698 2787 Viden',
733 2726 799 2778 ut
831 2725 1083 2792 geminae
1118 2728 1269 2778 stant
1304 2725 1509 2778 vertice
1542 2723 1751 2789 cristae,

189 2793 263 2844 Et
294 2795 454 2858 pater
488 2793 608 2860 ipse
644 2811 740 2850 suo
775 2817 1029 2868 superum
1067 2801 1175 2853 iam
1210 2800 1391 2868 signat
1424 2799 1658 2854 honore?
1824 2813 1907 2856 reo

190 2864 287 2928 En,
322 2865 496 2930 huius,
533 2873 676 2934 nate,
707 2876 966 2943 auspiciis
999 2876 1093 2928 illa
1128 2876 1332 2929 incluta
1368 2875 1547 2929 Roma

192 2937 469 3003 Inperium
506 2943 682 3007 terris,
718 2949 926 3002 animos
961 2951 1219 3019 aequabit
1256 2949 1501 3020 Olympo,

192 3009 524 3092 septemque
559 3029 666 3068 una
701 3022 802 3074 sibi
837 3039 993 3078 muro
1027 3027 1389 3081 circumdabit
1423 3041 1592 3092 arces,

213 3081 347 3133 *³¹¹¹
371 3083 534 3167 ‘Prole
567 3089 769 3148 virum:
805 3100 982 3165 qualis
1018 3101 1343 3172 Berecyntia
1376 3105 1557 3157 mater

267 3155 478 3208 vehltur
512 3173 674 3217 curru
716 3168 975 3239 Phrygias
1009 3177 1212 3232 turrita
1242 3194 1345 3248 per
1378 3178 1561 3244 urbes,
1814 3192 1903 3234 ⁷85
