2163 3401
702 96 1071 145 AENEIDOS
1106 97 1245 148 LIB.
1284 98 1393 147 ΙΙΙ.
1809 97 1897 148 127

89 237 91 244 Ι
198 177 350 240 Quos
383 193 593 231 mecum
629 194 662 230 a
698 176 859 229 Troia
891 177 1198 246 mediisque
1233 194 1303 232 ex
1338 177 1559 246 ignibus
1591 181 1744 234 urbis

197 253 533 319 Extuleram,
571 253 672 306 visi
706 256 836 306 ante
871 252 1056 306 oculos
1090 253 1313 308 adstare
1349 255 1573 308 iacentis
1826 270 1899 310 ιω
1966 237 1977 246 ’

88 369 92 378 .
196 330 265 382 In
301 330 516 397 somniS,
550 329 724 382 multo
758 328 1033 382 manifesti
1069 329 1290 396 lumine,
1326 347 1437 399 qua
1470 347 1530 384 se

195 405 364 459 Plena
399 422 499 474 per
532 406 766 460 insertas
799 404 1067 459 fundebat
1102 405 1231 459 luna
1264 407 1562 474 fenestras3

193 481 329 534 Tum
366 481 443 535 sic
477 481 652 534 adfari
689 486 749 535 et
784 497 942 535 curas
977 479 1062 534 his
1099 480 1321 534 demere
1357 480 1545 535 dictis:

86 603 90 634 ζ
193 558 352 622 Quod
386 556 487 611 tibi
525 557 710 612 delato
747 557 1033 625 Ortygiam
1069 556 1319 610 dicturus
1354 555 1554 625 Apollo
1590 560 1690 625 est,

192 633 302 687 Hic
337 633 496 699 canit,
535 637 594 687 et
628 636 724 687 tua
757 649 858 686 nos
893 649 961 686 en
995 632 1143 686 ultro
1178 633 1251 686 ad
1284 632 1473 687 limina
1506 632 1695 688 mittit.
1823 649 1897 691 ιω

189 709 308 762 Nos
341 713 416 775 te,
455 709 736 763 Dardania
768 709 999 776 incensa,
1033 712 1241 777 tuaque
1275 725 1428 763 arma
1462 709 1645 774 secuti,

84 779 86 788 '
189 785 308 838 Nos
342 785 613 838 tumidum
650 784 750 839 sub
786 787 844 838 te
877 785 1151 852 permensi
1186 783 1447 838 classibus
1480 801 1695 854 aequor,

190 860 354 915 Idem
390 866 650 915 venturos
684 860 941 914 tollemus
974 860 1031 913 in
1066 865 1217 914 astra
1250 863 1493 930 nepotes),

191 935 582 1007 Inperiumque
615 936 741 991 urbi
777 934 1046 990 dabimus.
1118 937 1201 990 Tu
1233 937 1447 991 moenia
1478 941 1685 1005 magnis

84 1061 86 1064 ,
186 1012 392 1081 Magna
424 1030 572 1082 para,
608 1013 940 1082 longumque
973 1012 1138 1080 fugae
1172 1029 1243 1066 ne
1275 1012 1463 1080 linque
1494 1011 1751 1068 laborem.
1818 1028 1892 1069 ιω

185 1088 488 1144 Mutandae
523 1089 698 1144 sedes,
771 1089 823 1142 N
827 1105 898 1142 on
933 1089 1070 1142 haec
1101 1089 1204 1142 tibi
1240 1089 1404 1142 litora
1436 1088 1609 1143 suasit

183 1165 380 1220 Delius
409 1169 508 1219 aut
545 1165 744 1220 Cretae
779 1164 938 1219 iussit
972 1164 1260 1219 considere
1297 1164 1508 1234 Apollo,

183 1241 287 1296 Est
320 1242 484 1309 locus,
523 1241 851 1309 Hesperiam
889 1241 1041 1295 Graii
1075 1241 1393 1308 cognomine
1428 1240 1629 1305 dicunt,

185 1316 355 1370 Terra
389 1319 628 1384 antiqua,
665 1320 864 1386 potens
896 1317 1063 1370 armis
1098 1320 1267 1384 atque
1300 1316 1472 1371 ubere
1505 1316 1761 1384 glaebae;

185 1392 415 1446 Oenotri
450 1393 665 1449 coluere
700 1392 834 1458 viri3
869 1409 1014 1446 nunc
1048 1392 1193 1445 fama
1226 1393 1463 1446 minores
1817 1408 1889 1448 165

183 1469 402 1522 Italiam
441 1468 644 1522 dixisse
680 1467 833 1521 ducis
871 1467 942 1520 de
976 1467 1193 1520 nomine
1226 1473 1475 1534 gentem:

183 1545 310 1598 Hae
340 1543 495 1598 uobis
529 1543 786 1612 propriae
825 1543 1014 1607 sedes;
1060 1542 1187 1595 hinc
1223 1543 1513 1596 Dardanus
1546 1548 1715 1610 ortus,

181 1621 470 1690 Iasiusque
504 1623 680 1689 pater,
715 1634 892 1686 genus
925 1634 960 1671 a
995 1633 1103 1686 quo
1138 1618 1383 1687 principe
1418 1621 1679 1671 nostrum.

179 1697 356 1766 Surge
391 1714 510 1765 age,
546 1698 608 1750 et
641 1695 777 1749 haec
811 1694 990 1749 laetus
1026 1694 1289 1763 longaevo
1324 1693 1474 1749 dicta
1507 1695 1725 1764 parenti

179 1773 352 1828 Haud
377 1772 682 1827 dubitanda
703 1771 880 1827 refer:
907 1772 1208 1840 Corythum
1233 1776 1520 1843 terrasque
1543 1772 1789 1839 requirat
1815 1787 1887 1830 170

178 1850 466 1904 Ausonias.
541 1849 768 1903 Dictaea
801 1852 969 1917 negat
1004 1848 1108 1902 tibi
1146 1847 1399 1918 Iuppiter
1432 1864 1576 1902 arva.

177 1925 399 1980 Talibus
433 1925 702 1981 attonitus
735 1925 864 1979 visis
899 1927 958 1980 et
994 1942 1125 1979 voce
1160 1924 1459 1979 deorum—
1588 1990 1595 1997 ¹

174 2002 232 2055 N
235 2019 296 2056 ec
331 2018 494 2071 sopor
525 2001 663 2056 illud
697 2006 831 2069 erat,
867 2001 968 2056 sed
1001 2018 1182 2055 coram
1216 2001 1549 2069 adgnoscere
1584 2004 1763 2055 voltus

174 2077 516 2147 velatasque
550 2094 734 2132 comas
766 2078 1185 2146 praesentiaque
1219 2093 1316 2131 ora
1350 2077 1608 2143 videbam

173 2154 314 2208 Tum
349 2153 563 2222 gelidus
596 2158 718 2209 toto
752 2152 1012 2208 manabat
1043 2168 1274 2221 corpore
1310 2153 1548 2206 sudor—
1812 2165 1885 2209 175

174 2230 428 2299 Corripio
463 2246 496 2283 e
530 2228 725 2283 stratis
759 2243 974 2297 corpuS,
1008 2228 1289 2296 tendoque
1326 2229 1549 2296 supinas

173 2305 273 2361 Ad
307 2305 518 2359 melum
552 2320 677 2359 cum
711 2320 844 2359 voce
868 2320 1085 2377 manus,
1123 2306 1183 2358 et
1218 2317 1446 2357 munera
1477 2304 1588 2358 libo

172 2384 520 2437 Intemerata
551 2380 700 2435 focis.
775 2380 1028 2435 Perfecto
1061 2380 1241 2433 laetus
1273 2379 1477 2435 honore

173 2457 454 2512 Anchisen
489 2457 630 2510 facio
664 2460 891 2523 certum,
930 2473 1159 2525 remque
1196 2456 1391 2511 ordine
1425 2457 1623 2527 pando.

173 2532 461 2598 Adgnovit
494 2531 702 2599 prolem
737 2532 1043 2599 ambiguam
1077 2532 1434 2601 geminosque
1469 2535 1740 2601 parentes,
1808 2549 1883 2589 18⁰

173 2608 356 2677 Seque
393 2622 533 2660 novo
567 2610 815 2660 veterum
854 2606 1147 2675 deceptum
1185 2623 1373 2661 errore
1407 2608 1660 2661 locorum.

173 2684 314 2737 Tum
350 2685 645 2737 memorat:
696 2681 858 2747 Nate,
899 2682 1078 2735 Iliacis
1116 2682 1359 2736 exercite
1394 2683 1535 2748 fatis,

174 2760 304 2815 Sola
336 2758 472 2813 mihi
505 2756 634 2813 talis
669 2773 825 2811 casus
863 2756 1173 2812 Cassandra
1206 2757 1450 2811 canebat.

173 2836 334 2891 Nunc
368 2838 561 2904 repeto
595 2833 731 2888 haec
765 2832 956 2901 generi
989 2834 1321 2902 portendere
1358 2834 1547 2890 debita
1582 2842 1782 2907 nostro,

174 2912 250 2965 Et
285 2928 450 2981 saepe
489 2910 837 2979 Hesperiam.
873 2925 1040 2980 saepe
1078 2909 1223 2964 Itala
1257 2927 1428 2979 regna
1461 2928 1664 2968 vocare.
1806 2928 1879 2969 18⁶

174 2986 287 3041 Sed
322 2987 443 3055 quis
477 2986 550 3039 ad
588 2986 892 3054 Hesperiae
927 2989 1187 3041 venturos
1221 2984 1385 3043 litora
1420 2986 1655 3043 Teucros

175 3062 476 3117 Crederet?
521 3065 620 3117 aut
656 3080 820 3133 quem
855 3065 976 3117 tum
1011 3066 1168 3117 vates
1204 3063 1511 3118 Cassandra
1545 3062 1824 3118 moveret?

174 3137 448 3193 Cedamus
483 3138 723 3206 Phoebo,
759 3142 820 3195 et
853 3139 1046 3195 moniti
1081 3140 1307 3195 meliora
1342 3156 1650 3207 sequamur.

1886 3356 2061 3377 ΑΔ
