2163 3401
755 97 1123 146 AENEIDOS
1158 97 1296 146 LIB.
1336 98 1382 145 1.
1856 96 1919 148 97

205 180 416 235 Scindit
452 196 510 234 se
545 179 719 234 nubes
756 182 814 232 et
849 179 906 232 in
941 178 1169 232 aethera
1203 182 1405 247 purgat
1440 182 1709 246 apertum.

209 257 436 310 Restitit
475 258 694 308 Aeneas
729 255 985 323 claraque
1021 255 1078 307 in
1116 254 1239 308 luce
1276 253 1507 322 refulsit,

206 333 283 385 Os
318 333 682 399 humerosque
719 331 824 384 deo
861 331 1053 384 similis
1069 351 1083 396 ;
1123 347 1361 398 namque
1396 331 1513 398 ipsa
1548 330 1801 384 decoram

206 409 515 462 caesariem
551 412 678 462 nato
715 407 970 476 genetrix
1004 407 1299 476 lumenque
1334 407 1587 460 iuventae
1851 419 1923 460 ⁵90

208 485 555 553 Purpureum
592 488 651 537 et
686 484 860 537 laetos
899 484 1065 537 oculis
1104 483 1337 537 adflarat
1372 483 1631 537 honores:

209 561 385 625 Quale
422 577 614 613 manus
651 560 866 613 addunt
903 560 1054 614 ebori
1092 560 1275 626 decu8‚
1314 564 1409 614 aut
1445 559 1541 613 ubi
1575 560 1713 613 flavo

207 638 521 705 Argentum
560 635 820 689 Pariusve
855 635 992 704 lapis
1030 635 1403 690 circumdatur
1435 653 1585 693 aure.

205 713 344 766 Tum
382 713 456 766 sic
493 712 736 780 reginam
774 712 1103 782 adloquitur,
1137 714 1455 782 cunctisque
1488 715 1717 780 repente

208 789 524 857 Inprovisus
561 789 638 841 ait
653 791 686 842 ε’
716 789 926 854 Coram,
965 806 1129 857 quem
1168 789 1448 857 quaeriti8‚
1484 787 1693 854 adsum,
1850 801 1922 841 505

206 865 400 917 Troius
437 867 669 931 AeneaS,
709 864 924 933 Libycis
961 869 1186 934 ereptus
1222 864 1293 918 ab
1329 864 1507 919 undiS.

205 939 253 992 O
292 940 406 993 sola
441 941 690 994 infandos
729 941 921 994 Troiae
959 942 1219 994 miserata
1254 940 1483 1009 laboreS,

204 1015 358 1080 Quae
390 1033 502 1084 nos,
538 1016 796 1085 reliquias
835 1017 1101 1083 Danaum,
1136 1022 1427 1084 terraeque
1461 1017 1737 1084 marisque

203 1091 471 1146 Omnibus
506 1094 800 1146 exhaustos
837 1093 942 1146 iam
979 1094 1207 1160 casibuS‚
1244 1093 1485 1146 omnium
1524 1108 1737 1162 egenos,

201 1168 372 1237 Urbe,
409 1170 584 1236 dome,
625 1169 811 1234 socias
847 1175 1034 1236 grates
1072 1169 1387 1237 persolvere
1428 1169 1621 1236 dignas
1845 1183 1919 1222 eoo

202 1244 328 1298 Non
363 1245 481 1314 opis
518 1248 603 1298 est
637 1249 873 1312 nostrae,
912 1245 1073 1311 Dido,
1112 1262 1210 1298 nec
1250 1244 1520 1313 quidquid
1555 1244 1760 1313 ubique
1796 1247 1883 1300 est

203 1318 399 1373 Gentis
437 1320 760 1386 Dardaniae,
796 1329 1050 1388 maguum
1090 1339 1231 1390 quae
1270 1337 1457 1389 sparsa
1491 1337 1592 1389 per
1627 1320 1831 1374 orbem.

203 1394 277 1446 Di
312 1394 430 1462 tibi,
468 1395 512 1448 si
548 1412 656 1462 qua
689 1396 810 1463 pios
847 1401 1160 1464 respectant
1197 1397 1432 1463 numina,
1470 1397 1515 1449 si
1553 1396 1687 1463 quid

203 1470 453 1538 Usquam
488 1471 698 1523 iustitia
732 1474 819 1523 est
855 1475 914 1524 et
948 1488 1103 1524 mens
1139 1472 1243 1524 sibi
1282 1472 1494 1524 conscia
1528 1472 1679 1538 recti,

206 1545 456 1599 Praemia
482 1544 648 1612 digna
672 1546 865 1599 ferant.
943 1547 1097 1610 Quae
1122 1553 1179 1600 te
1205 1555 1319 1600 tam
1345 1546 1491 1599 laeta
1515 1547 1761 1600 tulerunt
1847 1561 1919 1600 ωδ

203 1622 466 1676 Saecula?
509 1621 602 1689 qui
639 1622 779 1674 tanti
816 1622 982 1675 talem
1018 1639 1260 1690 genuere
1294 1624 1585 1691 parentes?

203 1697 273 1752 In
308 1697 454 1752 freta
490 1697 621 1750 dum
657 1697 804 1751 fluvii
841 1691 1076 1761 current,
1116 1698 1247 1753 dum
1284 1698 1562 1753 montibus
1598 1697 1825 1753 umbrae

202 1775 546 1828 Lustrabunt
581 1791 834 1842 convexa,
872 1776 1028 1844 polus
1065 1776 1197 1829 dum
1237 1777 1419 1829 sidera
1453 1780 1654 1845 pascet,

193 1851 429 1919 ‘Semper
462 1850 633 1904 honos
668 1867 977 1920 nomenque
1013 1856 1171 1906 tuum
1208 1852 1506 1920 laudesque
1544 1852 1857 1919 manebunt,

203 1926 354 1991 Quae
377 1944 466 1980 me
489 1943 722 1994 cumque
744 1932 941 1981 vocant
965 1932 1162 1982 terrae.
1235 1928 1324 1983 Sic
1348 1928 1509 1997 fatuS,
1534 1928 1764 1982 amicum
1843 1942 1917 1981 610

204 2002 413 2057 Ilionea
447 2002 591 2071 petit
628 2002 840 2070 dextra,
879 2003 1143 2073 laevaque
1182 2005 1477 2072 Serestum,

205 2079 338 2132 Post
373 2079 521 2146 alios,
557 2078 868 2148 fortemque
906 2080 1075 2148 Gyan,
1114 2082 1427 2149 fortemque
1464 2080 1808 2136 Cloanthum.

273 2154 552 2223 Obstipuit
589 2155 764 2223 primo
801 2160 1026 2225 aspectu
1064 2156 1290 2211 Sidonia
1326 2157 1484 2225 Dido,

203 2231 346 2285 Casu
382 2230 584 2285 deinde
618 2230 721 2285 viri
754 2236 930 2297 tante,
969 2236 1027 2286 et
1063 2234 1139 2285 sie
1176 2248 1269 2286 ore
1304 2232 1489 2286 locuta
1525 2234 1637 2285 est:

204 2307 336 2371 Quis
372 2310 447 2375 te,
482 2311 612 2360 nate
649 2307 766 2375 dea,
803 2324 905 2377 per
941 2311 1103 2361 tanta·
1131 2309 1371 2377 pericula
1407 2324 1561 2363 casus
1845 2321 1917 2361 ⁸15

205 2384 560 2451 Insequitur?
613 2400 754 2452 quae
791 2385 872 2437 vis
908 2385 1218 2439 inmanibus
1256 2384 1495 2453 adplicat
1530 2383 1667 2437 oris?

203 2460 354 2513 Tune
391 2460 484 2511 ille
523 2462 753 2525 Aeneas,
791 2478 953 2528 quem
991 2462 1272 2515 Dardanio
1314 2461 1589 2516 Anchisae

205 2537 370 2591 Alma
405 2534 597 2588 Venus
635 2536 853 2604 Phrygii
887 2537 1081 2605 genuit
1120 2538 1413 2591 Simoentis
1450 2536 1523 2589 ad
1556 2536 1796 2590 undam?

205 2615 394 2679 Atque
432 2609 688 2677 equidem
726 2611 990 2665 Teucrum
1027 2613 1249 2666 memini
1287 2613 1491 2667 Sidona
1525 2611 1711 2664 venire

205 2687 432 2742 Finibus
469 2685 754 2753 expulsum
789 2687 996 2754 patriiS,
1034 2704 1174 2742 nova
1209 2705 1379 2756 regna
1413 2690 1693 2755 petentem
1846 2700 1921 2739 620

206 2763 430 2818 Auxilio
467 2760 620 2826 Beli;
655 2762 874 2829 genitor
907 2766 1028 2816 tum
1065 2764 1233 2817 Belus
1268 2763 1503 2830 opimam

210 2838 480 2893 Vastabat
518 2838 768 2907 Cyprum,
806 2842 864 2892 et
898 2838 1072 2892 victor
1108 2838 1320 2893 dicione
1354 2839 1593 2893 tenebat.

209 2915 474 2983 Tempore
509 2914 617 2967 iam
653 2931 722 2968 ex
758 2914 851 2967 illo
887 2930 1042 2968 casus
1078 2914 1213 2968 mihi
1249 2916 1501 2983 cognitus
1534 2914 1687 2970 urbis

209 2990 472 3043 Troianae
507 3007 810 3060 nomenque
849 2994 1006 3044 tuum
1041 3007 1312 3061 regesque
1352 2991 1583 3059 Pelasgi.

212 3068 341 3135 lpse
375 3066 550 3121 hostis
585 3067 820 3121 Teucros
854 3068 1052 3135 insigni
1087 3067 1250 3122 laude
1285 3068 1515 3135 ferebat,
1851 3074 1922 3113 12⁵

211 3143 394 3209 Seque
427 3145 610 3196 ortum
643 3142 870 3212 antiqua
905 3142 1236 3197 Teucrorum
1272 3142 1344 3197 ab
1378 3143 1553 3209 stirpe
1591 3138 1825 3193 volebat.
