2163 3401
741 93 785 139 G
796 90 1154 142 EOR‘JIOON
1189 91 1328 139 LIB.
1367 92 1442 139 11.
1557 19 1580 65 ι
1888 96 1946 145 47

310 176 473 242 Quod
490 178 756 243 superest,
769 185 1156 242 quaecumque
1174 190 1392 242 premes
1409 175 1648 243 virgulta
1659 192 1764 245 per
1775 192 1948 245 agros,

239 255 452 321 Sparge
488 252 615 303 fimo
648 250 853 318 pingui,
892 253 951 302 et
986 249 1160 302 multa
1195 267 1403 303 memor
1438 252 1622 305 occule
1656 258 1823 321 terra,

240 331 363 382 Aut
397 328 636 396 lapidem
674 324 935 392 bibulum,
975 330 1072 378 aut
1110 327 1412 393 squalentis
1449 328 1634 382 infode
1669 329 1912 395 conchas,

240 405 402 459 Inter
438 404 583 456 enim
620 402 874 455 labentur
910 418 1102 470 aquae,
1143 403 1436 471 tenuisque
1473 403 1678 458 subibit
1765 456 1768 461 .

240 481 481 547 Halitus,
506 483 673 546 atque
699 478 907 531 animos
934 478 1130 543 tollent
1155 483 1306 544 sata3
1332 480 1551 548 iamque
1574 481 1800 549 reperti,
1875 495 1950 536 ³50

240 557 349 621 Qui
386 572 515 609 saxo
552 572 717 623 super
754 558 921 622 atque
959 554 1198 622 ingentis
1234 556 1476 624 pondere
1513 560 1692 611 testae

240 631 589 701 Urguerent3
627 632 729 684 hoc
766 631 963 685 effusos
998 631 1276 685 munimen
1314 631 1386 685 ad
1421 632 1626 701 imbris,

240 708 368 761 lIoc
400 706 494 759 ubi
529 707 708 759 hiulca
744 707 836 760 siti
874 707 1035 761 findit.
1068 708 1218 761 canis
1253 708 1481 762 aestifer
1515 726 1664 763 arva.

312 783 620 837 Seminibus
656 782 865 852 positia,
903 788 1160 852 superest
1196 784 1456 838 diducere
1492 788 1698 839 terram

238 860 470 927 Saepius
505 859 577 912 ad
612 859 807 927 capita,
844 862 903 913 et
937 859 1106 912 dures
1141 860 1344 913 iactare
1381 860 1634 926 bidentis,
1875 874 1950 914 855

242 938 365 989 Aut
396 953 585 1005 presso
620 953 876 989 exercere
912 937 1086 991 solum
1124 936 1225 989 sub
1261 954 1494 1005 vomere,
1531 942 1590 994 et
1624 938 1744 1005 ipsa
1789 989 1794 995 .
1954 944 1960 947 ⁷

238 1014 493 1065 Flectere
526 1012 787 1065 luctantis
822 1012 966 1065 inter
1001 1013 1187 1067 vineta
1221 1013 1499 1079 iuvencos;

238 1090 381 1143 Tum
415 1089 549 1151 levis
584 1090 816 1144 calamos
853 1094 912 1143 et
948 1107 1103 1143 rasae
1140 1090 1358 1145 hastilia
1393 1092 1576 1160 ,virgae

239 1167 652 1235 Fraxineasque
688 1170 880 1235 aptare
917 1166 1098 1233 sudes,
1138 1167 1428 1237 furcasque
1466 1168 1714 1237 valentis,

239 1242 469 1295 Viribus
504 1243 638 1297 eniti
674 1260 908 1313 quarum
944 1246 1003 1296 et
1040 1248 1391 1299 contemnere
1428 1250 1620 1299 ventos
1872 1254 1948 1297 ³00

238 1319 605 1385 Adsuescant,
632 1337 991 1388 summasque
1029 1320 1186 1389 sequi
1221 1320 1470 1375 tabulata
1502 1340 1602 1391 per
1638 1322 1830 1377 ulmos.

310 1399 401 1450 Ac
435 1396 566 1449 dum
601 1396 780 1466 prima
814 1398 965 1450 novis
1001 1396 1266 1450 adolescit
1301 1397 1582 1453 frondibus
1617 1402 1784 1463 aetas,

237 1452 585 1535 Parcendum
624 1474 845 1534 teneris,
882 1477 955 1539 et,
992 1473 1126 1526 duni
1167 1490 1224 1526 se
1260 1473 1436 1527 laetus
1473 1474 1546 1527 ad
1579 1490 1739 1527 auras

238 1549 461 1602 Palmes
496 1550 611 1615 agit
646 1548 785 1600 laxis
822 1564 920 1615 per
956 1565 1154 1617 purum
1192 1549 1444 1601 inmissus
1479 1549 1721 1616 habenis,

240 1624 375 1693 Ipsa
408 1624 521 1677 acie
558 1624 798 1677 nondum
833 1624 985 1677 falcis
1021 1622 1360 1693 temptanda,
1397 1626 1494 1679 sed
1529 1626 1681 1679 uncis
1875 1630 1962 1678 865'

240 1700 565 1769 Gai-pendae
600 1700 848 1755 manibus
884 1700 1125 1769 frondes,
1163 1700 1417 1770 interque
1451 1702 1738 1770 legendae:

241 1777 385 1831 Inde
419 1777 514 1830 ubi
547 1777 670 1830 iam.
695 1778 885 1832 validis
922 1778 1210 1846 amplexae
1249 1779 1508 1846 stirpibus
1544 1780 1718 1834 ulmos

240 1855 509 1920 Exierint‚
546 1856 677 1914 tunc
714 1854 923 1922 stringo
962 1871 1159 1922 comas,
1197 1857 1329 1908 tunc
1365 1855 1632 1912 bracchia
1646 1856 1844 1926 tonde;

240 1933 394 1983 Ante
432 1896 791 1983 reformidant
828 1929 1077 1995 ferrum3
1102 1934 1221 1984 tum
1259 1931 1498 2000 denique,
1533 1932 1672 1990 dum

239 2005 453 2060 Exerce
488 2005 712 2074 inperia,
750 2010 810 2059 et
846 2014 1026 2060 ramos
1063 2024 1343 2076 compesce
1379 2008 1610 2064 fluentis.
1873 2023 1950 2064 370

311 2082 619 2146 'lexendae-
636 2099 829 2151 saepes
866 2082 1034 2138 etiam
1072 2087 1130 2136 ct
1166 2100 1331 2152 pecus
1367 2093 1528 2141 omne
1563 2085 1876 2151 tenendum,

242 2149 544 2227 Praecipue
581 2159 713 2212 dum
748 2160 899 2214 frons
933 2163 1129 2213 tenera
1164 2160 1568 2230 inprudensque
1591 2162 1880 2224 laborum;

242 2235 343 2288 Cui
379 2252 545 2304 super
581 2235 829 2304 indignas
863 2236 1073 2290 hiemes
1111 2237 1390 2306 solemque
1426 2242 1706 2307 potentem

242 2312 533 2366 silvestres
568 2313 655 2366 uri
691 2313 921 2370 adsidue
956 2323 1297 2383 capreaeque
1333 2319 1594 2404 sequaces
1647 2349 1650 2356 -

244 2387 525 2456 Inludunt‚
561 2395 859 2458 pascuntur
895 2407 1025 2444 oves
1060 2391 1364 2468 avidaeque
1399 2393 1670 2478 iuvencae.
1878 2407 1950 2446 375

244 2463 474 2532 Frigora
509 2483 613 2520 nec
645 2470 863 2523 tantum
900 2484 1033 2522 oena
1071 2473 1324 2522 concreta
1359 2470 1606 2537 pruina,

244 2541 362 2594 Aut
395 2542 580 2608 gravis
616 2543 935 2599 incumbens
973 2544 1206 2613 scopulis
1243 2545 1523 2600 arentibus
1559 2549 1755 2612 aestas,
1851 2591 1856 2595 .

246 2616 520 2681 Quantum
558 2617 638 2676 illi
673 2635 906 2674 nocuere
942 2637 1168 2688 greges,
1196 2621 1428 2688 durique
1467 2638 1734 2676 venenum

246 2691 441 2746 Dentis
478 2697 555 2750 et
572 2694 823 2750 admorso
860 2697 1075 2764 signata
1111 2698 1166 2750 in
1203 2697 1374 2765 stirpe
1409 2697 1666 2751 cicatrix
1713 2725 1736 2748 .>

243 2768 363 2822 Non
400 2769 565 2824 aliam
601 2771 671 2826 ob
708 2773 921 2842 culpam
959 2774 1175 2828 Baccho
1209 2790 1374 2842 caper
1409 2773 1657 2828 omnibus
1691 2775 1801 2829 aris
1875 2787 1963 2826 380

244 2844 507 2904 Caeditur
527 2851 601 2901 e't
622 2853 855 2904 veteres
892 2850 1081 2904 ineunt
1117 2850 1433 2918 proscaenia
1466 2849 1596 2917 ludi,
1645 2870 1651 2876 ·

246 2920 605 2991 Praemiaque
640 2925 869 2994 ingeniis
905 2943 1073 2994 pagos
1111 2930 1170 2980 et
1206 2927 1444 2994 compita
1479 2929 1682 2979 circum
1739 2971 1743 2974 .

246 2993 511 3052 Thesidae
544 3015 793 3068 posuere,
828 3005 997 3068 atque
1032 3001 1182 3053 inter
1215 3001 1417 3068 pocula
1435 3001 1571 3052 laeti
1631 3037 1637 3044 -

178 3065 187 3079 ⁶
245 3071 503 3127 Mollibus
538 3076 594 3127 in
628 3077 805 3144 pratis
840 3078 1047 3130 unctos.
1068 3075 1301 3129 saluere
1317 3091 1418 3141 per
1451 3077 1624 3126 utres.
1669 3109 1678 3122 .

244 3145 360 3203 Nec
394 3167 506 3203 non
546 3152 795 3218 Ausonii,
832 3150 1018 3204 Troia
1015 3165 1168 3217 gens
1201 3149 1402 3207 missa.
1415 3146 1634 3199 coloni..
1760 3181 1789 3188 ..
1811 3149 1965 3190 -..335
