2163 3401
243 95 302 139 48
626 13 654 60 Ι
695 92 752 137 l‘.
800 90 1099 138 vulteum
1131 89 1395 140 MARON
1398 95 1464 141 18

243 175 510 229 Versibus
543 175 832 244 incomptis
867 174 1068 230 ludunt
1107 177 1331 246 risuque
1364 177 1558 245 soluto,

242 251 462 320 Oraque
497 251 791 304 corticibus
829 258 1050 306 sumunt
1085 254 1358 308 horrenda
1390 257 1609 326 cavatis,

244 329 317 380 Et
352 333 424 392 te,
465 327 691 394 Bacche,
727 333 925 382 vocant
960 347 1060 398 per
1098 331 1339 383 camina
1374 330 1539 402 laeta,
1574 333 1798 403 tibique

248 403 448 458 Oseilla
484 421 552 457 ex
589 404 701 457 alta
738 404 1079 474 suspendunt
1115 405 1299 476 mollia
1333 407 1477 475 pinu.

245 481 388 534 Hine
429 481 616 534 omnis
640 480 792 551 largo
827 481 1079 552 pubescit
1112 481 1271 535 vinea
1304 483 1438 551 fetu,
1899 501 1983 542 seo

243 555 581 626 Conplentur
615 557 898 627 vallesque
934 573 1100 611 cavae
1137 557 1417 626 saltusque
1451 560 1726 628 profundi,

245 632 318 687 Et
354 649 697 702 quocumque
734 633 873 688 deus
910 634 1113 687 circum
1150 638 1313 702 caput
1350 639 1464 702 egit
1498 635 1806 692 honestum.

245 707 392 777 Ergo
425 710 532 763 rite
568 725 724 763 suum
762 709 976 763 Baccho
1011 709 1256 764 dicemus
1292 710 1548 764 honorem

245 783 588 838 Carminibus
622 785 816 854 patriis
851 785 1146 854 lancesque
1181 789 1239 839 et
1273 785 1385 840 liba
1419 787 1670 856 feremus,

247 859 320 914 Et
355 859 554 914 ductus
587 867 755 913 cornu
792 861 961 914 stabit
998 877 1151 914 sacer
1183 860 1365 916 hircus
1399 862 1473 916 ad
1507 879 1671 931 aram,
1890 880 1973 922 ωε

245 934 584 1005 Pinguiaque
621 935 677 988 in
713 937 932 990 veribus
966 936 1300 992 torrebimus
1336 943 1465 993 exta
1498 939 1745 992 columis.

313 1012 415 1065 Est
450 1013 613 1066 etiam
648 1011 742 1064 ille
778 1012 932 1065 labor
965 1013 1221 1066 curandis
1255 1005 1462 1068 vitibus
1494 1015 1651 1083 alter,

245 1086 346 1141 Cui
382 1103 674 1155 numquam
711 1087 962 1142 exhausti
1000 1089 1136 1142 satis
1172 1093 1292 1144 est:
1328 1106 1567 1160 namque
1608 1107 1773 1182 omne
1822 1103 1971 1163 quot

379 1164 534 1216 annis

243 1239 457 1308 Terque
482 1242 788 1308 quaterque
814 1239 987 1293 solum
1010 1241 1389 1311 scindendum,
1411 1242 1719 1313 ‘glaebaque
1743 1247 1931 1300 versis

244 1317 552 1370 Aeternum
587 1312 889 1383 frangenda
913 1313 1273 1383 bidentibus3
1308 1335 1467 1372 omne
1501 1319 1797 1374 levandum
1872 1337 1955 1376 4⁰0

245 1391 465 1445 Fronde
499 1407 706 1446 nemus.
781 1391 954 1446 Redit
989 1392 1242 1460 agricolis
1277 1393 1431 1448 labor
1462 1399 1621 1449 actus
1650 1395 1710 1449 in
1746 1397 1966 1464 orbem,

244 1469 436 1538 Atque
469 1468 527 1522 in
565 1485 624 1523 se
660 1463 758 1522 sua
790 1468 892 1538 per
925 1467 1161 1537 vestigia
1193 1470 1429 1524 volvitur
1463 1487 1653 1526 annus.

246 1546 332 1599 Ae
367 1545 475 1599 iam
511 1545 640 1600 olim
677 1561 828 1600 seras
862 1545 1046 1615 posuit
1081 1563 1205 1599 eum
1242 1546 1400 1602 vinea
1434 1547 1657 1602 frondes
1752 1557 1757 1562 ’

243 1619 500 1692 Frigidus
535 1626 594 1676 et
629 1622 777 1676 silvis
810 1621 995 1692 aquilo
1023 1621 1275 1676 decussit
1309 1623 1583 1691 honorem,

245 1695 366 1753 Iam
389 1703 508 1752 tum
531 1716 658 1753 acer
681 1716 839 1753 curas
864 1697 1173 1753 venientem
1198 1699 1453 1755 extendit
1474 1699 1529 1754 in
1553 1718 1757 1756 annum
1872 1716 1953 1760 wc

245 1774 522 1842 Rusticus,
558 1778 618 1829 et
651 1790 817 1829 curvo
854 1774 1076 1829 Saturni
1114 1775 1285 1829 dente
1319 1776 1563 1832 relictam

245 1850 604 1919 Persequitur
635 1850 806 1905 vitem
841 1850 1137 1906 attondens
1172 1852 1439 1923 fingitque
1474 1855 1733 1924 putando,

244 1926 460 1981 Primus
495 1927 721 1981 humum
755 1924 946 1997 fodito,
982 1928 1193 1997 primus
1229 1928 1455 1984 devecta
1487 1936 1727 1985 cremato

245 2004 547 2072 Sarmenta,
582 2007 642 2059 et
675 2004 844 2058 vallos
879 2005 1088 2074 primus
1124 2004 1229 2058 sub
1262 2009 1411 2059 tecta
1445 2006 1680 2073 refer-tm

246 2080 562 2134 Postremus
595 2080 803 2134 metito.
876 2081 974 2135 Bis
1008 2080 1217 2134 vitibus
1250 2081 1455 2149 ingruit
1488 2082 1711 2149 umbra3
1884 2100 1963 2140 no

245 2148 342 2210 Bis
377 2159 621 2224 segetem
656 2155 839 2219 densis
874 2156 1159 2210 obducunt
1192 2156 1439 2211 sentibus
1472 2157 1705 2225 herbae;

245 2231 429 2285 Durus
464 2236 700 2302 uterque
733 2232 914 2287 labor:
949 2232 1174 2287 laudato
1208 2233 1453 2302 ingentia
1486 2250 1630 2304 rura,

246 2308 520 2377 Exiguum
556 2309 735 2363 colito.
805 2308 857 2362 N
861 2326 928 2363 ee
957 2326 1067 2363 ιιοιι
1106 2310 1273 2363 etiam
1310 2326 1504 2379 aspera
1536 2311 1679 2365 rusci

245 2384 467 2439 Vimina
500 2401 600 2453 per
635 2384 841 2453 silvam,
879 2389 940 2440 et
975 2384 1109 2457 ripis
1142 2385 1372 2439 fluvialis
1404 2386 1616 2441 arundo

247 2460 523 2529 Caeditur,
561 2460 862 2531 incultique
895 2466 1120 2517 exercet
1154 2478 1285 2517 eura
1320 2462 1509 2517 salicti.
1592 2498 1603 2509 -
1882 2480 1961 2523 <ns

247 2537 368 2591 Iam
403 2536 617 2593 vinctae
655 2538 808 2607 vites,
843 2538 953 2592 iam
987 2539 1184 2592 falcem
1218 2538 1447 2593 arbusta
1480 2541 1769 2627 reponunt,

248 2613 368 2669 Iam
401 2616 546 2670 cauit
581 2615 804 2670 effectos
838 2620 1121 2669 extremus
1154 2615 1361 2669 vinitor
1394 2618 1579 2670 antes:

246 2689 598 2745 Sollicitanda
635 2696 818 2746 tamen
854 2690 1034 2756 tellus,
1071 2690 1361 2760 pulvisque
1388 2689 1711 2759 movendus,

246 2764 322 2819 Et
353 2765 462 2817 iam
497 2767 729 2819 maturis
763 2766 1097 2819 metuendus
1134 2766 1389 2835 Iuppiter
1422 2766 1561 2819 uvis.

318 2838 523 2892 Contra
556 2855 666 2892 non
699 2840 812 2892 ulla
845 2843 931 2893 est
967 2839 1100 2894 oleis
1136 2840 1382 2907 cultura3
1416 2858 1594 2910 neque
1628 2841 1755 2897 illae
1884 2860 1961 2899 m

250 2912 578 2965 Proeurvam
615 2910 959 2978 exspectant
971 2915 1163 2969 falcem
1198 2921 1515 2986 rastrosque
1550 2918 1769 2987 tenacis,

251 2984 388 3038 Cum
424 2986 592 3038 semel
628 2985 924 3040 haeserunt
957 2990 1107 3042 arvis
1141 3006 1410 3058 aurasque
1444 2992 1723 3058 tulerunt3

253 3058 384 3125 Ipsa
417 3059 551 3111 satis
585 3058 768 3126 tellus,
803 3074 927 3113 eum
963 3062 1131 3117 dente
1163 3065 1467 3119 recluditur
1500 3082 1654 3133 unco,

252 3129 462 3184 Sufficit
495 3130 778 3187 humorem
811 3137 872 3187 et
903 3136 1159 3199 gravidas
1190 3154 1314 3191 cum
1348 3154 1569 3194 vomere
1602 3141 1821 3211 finge-3
