2163 3401
738 105 1156 157 GEORGICON
1193 104 1331 155 LIB.
1370 104 1464 156 IV.
1505 110 1508 113 ’

237 192 447 249 Sideris
478 191 536 244 in
569 204 853 243 numerum
888 188 1055 255 atque
1089 185 1204 239 alto
1238 184 1528 241 succedere
1561 183 1725 239 caelo.

310 269 369 322 Si
406 266 625 335 quando
662 264 849 317 sedem
886 265 1176 330 angustam
1213 266 1533 330 servataque
1567 258 1730 315 mella

238 344 533 398 Thesauris
568 340 781 407 relines·²
818 340 967 408 prius
1004 338 1204 393 haustu
1241 354 1462 407 sparsus
1495 352 1758 405 aquarum

240 420 356 473 Ora
389 420 529 486 fove,
562 418 849 485 fumosque
884 432 1046 469 manu
1081 413 1386 484 praetende
1425 412 1681 481 sequacis.

240 497 339 549 Bis
373 493 631 563 gravidos
666 495 867 560 cogunt
900 492 1066 559 fetus,
1102 492 1211 545 duo
1246 494 1494 558 tempora
1527 488 1734 555 messis,

242 573 483 641 Taygete
520 570 677 623 simul
712 585 773 622 os
808 569 973 623 terris
1009 568 1254 621 ostendit
1290 566 1580 621 honestum

244 648 391 701 Plias
426 650 484 699 et
522 645 722 699 Oceani
758 648 972 712 spretos
1006 643 1150 712 pede
1186 642 1429 713 reppulit
1461 642 1650 709 amnis,

248 726 365 777 Aut
400 722 592 775 eadem
630 720 781 775 sidus
812 721 1026 789 fugiens
1061 720 1155 773 ubi
1193 719 1362 773 Piscis
1397 719 1583 787 aquosi

242 798 475 852 Tristior
509 797 766 851 hibernas
800 798 949 851 caelo
986 795 1272 850 descendit
1305 796 1360 848 in
1395 794 1584 851 undas.

248 875 365 927 Illis
398 874 483 928 ira
516 872 738 926 modum
774 890 939 941 supra
974 875 1075 939 cst,
1110 872 1396 940 laesaeque
1431 887 1698 925 venenum

246 949 521 1004 Morsibus
555 949 836 1017 inspirant,
874 952 933 1003 et
968 948 1174 1016 spicula
1208 964 1366 1001 caeca
1401 946 1712 1014 relinquunt

248 1026 487 1079 Adfixae
521 1025 686 1092 venis,
720 1026 1035 1093 animasque
1069 1024 1127 1076 in
1161 1024 1382 1077 volnere
1403 1026 1636 1091 ponunt.

245 1102 341 1156 Sin
379 1101 573 1155 duram
608 1104 821 1154 metues
856 1100 1095 1154 hiemem
1127 1116 1428 1169 parcesque
1463 1100 1648 1153 futuro

245 1179 661 1244 Contunsosque
696 1177 903 1231 animos
938 1180 997 1231 et
1031 1193 1122 1230 res
1157 1176 1487 1231 miserabere
1521 1177 1749 1231 fracta-s:

248 1255 330 1307 At
365 1253 549 1305 suffire
586 1252 773 1322 thymo
808 1269 1072 1321 cerasque
1107 1253 1355 1309 recidere
1388 1253 1562 1306 inanis

248 1329 385 1393 Quis
424 1328 673 1383 dubitet?
715 1346 841 1383 nam
880 1346 1041 1397 saepe
1077 1330 1230 1382 favos
1265 1328 1485 1396 ignotus
1519 1328 1706 1382 adedit

246 1404 443 1457 Stellio
480 1408 539 1457 ct
573 1404 823 1472 lucifugis
858 1409 1118 1473 congesta
1153 1404 1350 1457 cubilia
1385 1405 1576 1458 blattis

247 1480 627 1549 Immunisque
664 1480 861 1535 sedens
897 1481 1072 1534 aliena
1107 1482 1180 1535 ad
1213 1480 1415 1549 pabula
1449 1481 1620 1547 fucus,

250 1558 373 1611 Aut
408 1574 568 1625 asper
601 1555 795 1611 crabro
828 1557 1109 1626 inparibus
1146 1575 1206 1611 se
1240 1557 1516 1611 inmiscuit
1549 1557 1728 1620 armis,

248 1634 372 1686 Aut
408 1632 605 1702 dirum,
638 1635 824 1702 tiniae,
861 1650 1047 1703 genus,
1080 1638 1179 1688 aut
1213 1633 1388 1687 invisa
1424 1633 1704 1687 Minervae

234 1710 433 1772 ‚Laxos
465 1711 521 1765 in
556 1711 763 1764 foribus
799 1710 1083 1780 suspendit
1119 1727 1320 1764 aranea
1353 1727 1544 1765 casses.

250 1785 372 1850 Quo
408 1787 580 1854 magis
616 1787 914 1840 exhaustae
948 1787 1166 1851 fuerint,
1202 1788 1304 1842 hoc
1339 1788 1514 1842 acrius
1548 1804 1738 1844 omncs

251 1862 582 1916 Incumbent
614 1863 835 1931 generis
868 1863 1004 1932 lapsi
1026 1864 1242 1918 sarcire
1276 1865 1472 1932 ruinas,

251 1936 707 2008 Conplebuntque
740 1939 889 1993 foros
924 1942 983 1993 et
1019 1939 1242 1994 floribus
1276 1941 1470 1996 horrca
1504 1944 1710 2000 texeat.

322 2013 380 2067 Si
415 2030 555 2080 vero,
592 2015 845 2082 quoniam
880 2032 1037 2070 casus
1072 2016 1264 2084 apibus
1299 2033 1512 2085 quoque
1547 2019 1764 2070 nostros

252 2089 391 2144 Vita
425 2090 566 2158 tulit,
604 2091 751 2144 tristi
785 2091 1126 2159 languebunt
1160 2107 1387 2160 corpora
1420 2092 1611 2147 morbo
1629 2112 1710 2156 ;—-

253 2165 417 2230 Quod
449 2166 558 2219 iam
594 2183 702 2220 non
738 2167 918 2221 dubiis
952 2169 1162 2236 poteris
1197 2185 1522 2236 cognoscere
1558 2169 1750 2236 signis:

254 2241 526 2296 Continuo
562 2247 649 2297 est
684 2244 863 2312 aegris
899 2244 1037 2298 alius
1072 2245 1249 2310 colon-3
1286 2244 1511 2298 horrida
1544 2245 1752 2298 voltum

252 2317 546 2374 Deformat
579 2320 807 2386 macies;
850 2324 965 2376 tum
1001 2338 1230 2390 corpora
1263 2321 1384 2375 luce
1418 2324 1701 2375 carentum

254 2395 567 2463 Expertant
602 2397 762 2451 tectis
798 2400 859 2451 et
894 2398 1075 2464 tristia
1109 2397 1301 2451 funera
1338 2397 1576 2464 ducunt3

257 2471 381 2524 Aut
413 2471 541 2524 illae
577 2472 815 2541 pedibus
849 2491 1126 2530 connexae
1161 2475 1246 2542 ad,
1270 2475 1458 2529 limina
1490 2475 1752 2542 pendent,

257 2548 380 2600 Aut
411 2547 559 2601 intus
594 2549 789 2604 clausis
824 2554 1150 2605 cunctantur
1184 2551 1241 2604 in
1279 2551 1520 2618 aedibus,
1557 2565 1742 2603 omnes

259 2623 611 2692 Ignavaeque
644 2626 789 2680 fame
826 2629 884 2680 et
918 2631 1198 2682 contracto
1235 2627 1435 2696 frigore
1469 2627 1672 2694 pigrae.

1883 101 1947 152 ⁷³

258 2697 397 2750 Tum
433 2715 594 2754 sonus
628 2702 853 2757 auditur
884 2704 1119 2772 gravior,
1156 2703 1489 2770 tractimque
1507 2701 1825 2768 susurrant,
1895 2710 1968 2752 2⁰0

260 2773 519 2842 Frigidus
553 2779 617 2830 ut
652 2778 929 2847 quondam
964 2779 1113 2832 silvis
1145 2779 1508 2832 inmurmurat
1545 2779 1754 2832 Auster
1765 2795 1782 2844 ς

259 2847 343 2902 Ut
376 2865 527 2904 mare
563 2853 851 2908 sollicitum
886 2854 1074 2908 stridit
1109 2853 1468 2909 refluentibus
1500 2853 1692 2918 undis;

260 2926 502 2980 Aestuat
536 2932 601 2983 ut
635 2929 831 2984 clausis
867 2930 1095 2998 rapidus.
1127 2929 1434 2984 fornacibus
1469 2930 1628 2997 ignis,

259 2999 373 3053 Hic
406 2999 515 3055 iam
548 3004 845 3072 galbaneos
878 3004 1122 3075 suadebo
1156 3004 1448 3058 incendere
1482 3002 1694 3068 odores,

258 3073 541 3144 Mellaque
575 3079 893 3135 arundineis
927 3079 1132 3134 inferre
1167 3079 1456 3144 canalibus,
1489 3079 1634 3130 ultro

260 3149 600 3208 Hortantem
634 3158 696 3208 et
729 3155 903 3210 fessas
936 3151 1011 3207 ad
1042 3153 1248 3220 pabula
1279 3157 1411 3207 nota
1443 3153 1740 3205 vocantem.
