2163 3401
783 140 834 180 A
844 134 1151 183 ENEIDOS
1185 134 1329 183 LIB.
1367 134 1418 181 1]
1431 171 1442 182 .
1884 134 1973 181 117

256 214 412 268 Talia
446 212 733 280 iactabam,
770 215 830 267 et
862 211 1063 267 furiata
1099 216 1285 268 mente
1318 212 1575 283 ferebas-,J

256 291 399 346 Cum
434 289 568 343 mihi
605 306 678 354 se,
713 305 820 343 non
855 293 984 343 ante
1019 289 1189 343 oculis
1224 294 1340 345 tam
1376 290 1537 357 clara,
1572 289 1865 345 videndam

255 366 482 421 Obtulit
513 370 574 421 et
607 382 748 437 pura
781 382 886 437 per
919 370 1133 420 noctem
1172 366 1230 420 in
1265 366 1389 420 luce
1422 367 1640 421 refulsit
1905 382 1978 421 σω

256 444 426 497 Alma
460 460 672 513 parenS,
708 442 954 496 confessa
988 443 1165 510 deam,
1202 442 1488 513 qualisque
1524 444 1700 498 videri

257 520 545 575 caelicolis
580 523 640 573 et
676 524 884 588 quanta
919 518 1072 587 solet,
1112 518 1423 588 dextraque
1458 520 1788 589 prehensum

257 596 558 663 continuit,
593 611 862 664 roseoque
898 595 1032 648 haec
1065 595 1292 665 insuper
1324 596 1544 650 addidit
1577 613 1698 651 ore:

256 673 424 739 Nate,
459 673 582 741 quis
615 672 910 725 indomitas
945 674 1136 725 tantus
1173 672 1329 726 dolor
1364 673 1570 727 excitat
1604 674 1748 728 iras'l

256 748 407 813 Quid
443 748 611 803 furis?
647 751 744 801 aut
780 763 1014 816 quonam
1049 747 1225 802 nostri
1262 748 1364 803 tibi
1398 764 1530 803 cura
1565 750 1824 804 recessit?
1903 765 1976 807 ⁵95

256 826 310 881 N
313 843 384 879 on
419 825 574 894 prius
607 824 849 893 aspicies,
883 821 978 876 ubi
1014 824 1219 877 fessum
1256 828 1441 879 aetate
1475 829 1764 895 parentem

255 902 513 970 Liqueris
552 901 866 955 Anchisen?
903 902 1128 969 superet
1162 901 1469 956 coniunxne
1505 901 1731 968 Creusa,

257 978 638 1046 Ascaniusque
677 978 844 1046 puer?
881 992 1020 1045 quos
1055 976 1234 1031 omnis
1268 976 1515 1047 undique
1551 978 1750 1045 Graiae

256 1054 666 1109 circumerrant
699 1054 860 1121 acies,
897 1056 971 1121 et,
1005 1053 1060 1106 ni
1102 1070 1225 1107 mea
1260 1070 1391 1107 cura
1426 1054 1661 1121 resistat,

257 1130 380 1185 Iam
416 1130 668 1184 flammae
704 1130 932 1184 tulerint
966 1131 1218 1185 inimicus
1254 1134 1313 1185 et
1346 1130 1592 1185 hauserit
1626 1132 1783 1187 ensis.
1900 1143 1975 1183 ono

257 1206 309 1260 N
311 1223 381 1261 on
417 1205 520 1261 tibi
557 1206 882 1275 Tyndaridis
916 1206 1083 1261 facies
1118 1206 1292 1261 invisa
1327 1207 1609 1262 Lacaenae

257 1282 594 1351 Culpatusve
632 1282 801 1351 PariS,
837 1282 1020 1336 divom
1055 1283 1419 1349 inclementia,
1458 1283 1654 1351 divom,

257 1360 378 1414 Has
412 1359 616 1414 evertit
650 1376 782 1427 opes
818 1360 1127 1428 sternitque
1160 1376 1196 1412 a
1229 1359 1463 1413 eulmine
1498 1359 1723 1414 Troiam.

258 1436 768 1505 Aspice—namque
803 1451 1034 1503 omnem,
1072 1452 1215 1504 quac
1250 1451 1393 1488 nunc
1429 1434 1667 1489 obducta
1699 1435 1880 1491 tuenti

257 1510 510 1567 Mortalis
545 1511 774 1565 hebetat
806 1512 956 1565 visus
991 1511 1095 1566 tibi
1130 1514 1189 1565 et
1224 1510 1451 1564 humida
1485 1511 1685 1564 circum
1896 1527 1970 1567 ωε

257 1589 484 1657 Caligat,
521 1587 722 1642 nubem
759 1588 1016 1657 eripian15
1051 1592 1117 1642 tu
1150 1603 1221 1641 ne
1257 1603 1365 1656 qua
1398 1587 1641 1656 parentis

258 1666 416 1721 Iussa
450 1665 602 1733 time,
637 1680 748 1719 neu
780 1665 1091 1736 praeceptis
1125 1679 1323 1734 parere
1358 1679 1615 1718 recusa—

256 1743 378 1810 Hic,
414 1743 513 1796 ubi
550 1742 808 1796 disiectas
842 1742 1016 1804 moles
1051 1742 1346 1810 avolsaque
1381 1741 1525 1795 saxis

256 1820 396 1874 Saxa
431 1820 589 1873 vides
623 1818 904 1886 mixtoque
939 1819 1241 1872 undantem
1274 1818 1501 1886 pulvere
1535 1818 1757 1887 fumum,

254 1896 548 1966 Neptunus
582 1909 767 1950 muros
803 1909 1111 1964 magnoque
1145 1897 1329 1948 emota
1362 1893 1588 1950 tridenti
1895 1911 1969 1952 mo

254 1971 640 2026 Fundamenta
673 1971 856 2040 quatit
891 1973 1175 2040 totamque
1208 1986 1243 2023 a
1278 1971 1498 2025 sedibus
1530 1971 1723 2026 urbem

254 2048 426 2104 Eruit.
501 2048 612 2103 Hic
651 2048 792 2101 Iuno
829 2047 1026 2102 Scaeas
1063 2047 1375 2102 saevissima
1408 2052 1597 2117 portas

253 2123 442 2178 Prima
476 2127 649 2192 tenet,
685 2123 998 2192 sociumque
1032 2123 1221 2177 furens
1255 2139 1289 2176 a
1322 2123 1552 2178 navibus
1587 2142 1783 2194 agmen

253 2201 426 2255 Ferro
462 2200 706 2254 accincta
738 2202 914 2254 vocat.
1652 2245 1659 2254 .

253 2277 373 2332 lam
409 2293 651 2331 summas
684 2292 838 2329 arces
875 2275 1134 2348 Tritonia,
1168 2275 1392 2344 respice,
1431 2275 1611 2330 Pallas
1896 2293 1967 2330 ⁸15

253 2353 484 2420 Insedit,
521 2353 710 2407 nimbo
745 2351 1008 2420 effulgens
1043 2357 1103 2406 et
1138 2352 1390 2419 Gorgone
1427 2367 1601 2407 saeva.

213 2427 220 2433 ’
253 2429 383 2499 Ipse
421 2431 591 2484 Pater
626 2429 833 2483 Danais
868 2428 1077 2482 animos
1112 2428 1353 2496 virisque
1386 2430 1651 2484 secundas

251 2506 480 2574 Sufficit,
513 2506 632 2575 ipso
667 2506 800 2559 deos
835 2506 892 2559 in
929 2504 1187 2558 Dardana
1223 2505 1453 2558 suscitat
1486 2521 1652 2561 arma.

251 2581 436 2652 Eripe,
471 2585 616 2649 nate,
652 2581 854 2650 fugam,
890 2581 1166 2649 finemque
1202 2580 1398 2650 inpone
1433 2580 1618 2634 labori.

250 2657 541 2727 Nusquam
577 2657 758 2726 abero,
793 2661 853 2712 et
886 2660 1069 2711 tutum
1104 2657 1283 2725 patrio
1318 2659 1377 2709 te
1410 2655 1597 2709 limine
1630 2655 1837 2711 sistam.
1898 2667 1968 2710 no

250 2733 498 2802 Dixerat,
536 2737 596 2787 et
631 2735 819 2803 spissis
852 2733 1029 2788 noctis
1064 2749 1125 2786 se
1161 2731 1407 2786 condidit
1442 2731 1664 2787 umbris.

251 2809 548 2878 Adparent
583 2809 738 2863 dirae
770 2809 936 2864 facies
970 2809 1299 2876 inimicaque
1336 2807 1527 2862 Troiae

249 2883 300 2937 N
303 2900 495 2938 nmina
529 2901 730 2952 magna
764 2884 988 2940 deum.

316 2959 460 3017 Tum
496 2976 628 3014 vero
663 2977 822 3014 omne
856 2932 1000 3014 mihi
1026 2959 1201 3013 visum
1237 2959 1520 3013 considere
1552 2961 1609 3013 in
1643 2960 1787 3026 ignis

249 3035 416 3090 Ilium
456 3039 515 3090 et
550 3052 620 3089 ex
655 3037 765 3089 imo
800 3037 941 3089 verti
978 3033 1259 3103 Neptunia
1293 3033 1482 3098 Troia3
1896 3045 1968 3083 sss

249 3114 336 3166 Ac
372 3110 547 3166 veluti
585 3111 812 3164 summis
846 3110 1131 3178 antiquam
1163 3108 1222 3161 in
1257 3108 1533 3162 montibus
1566 3121 1760 3160 ornum
1948 3175 1953 3180 ι

249 3186 389 3241 Cum
425 3187 577 3239 ferro
602 3185 842 3240 accisam
877 3184 1196 3250 crebrisque
1229 3181 1553 3248 bipennibus
1585 3179 1792 3232 instant
1831 3188 1837 3194 ’
