2163 3401
806 66 1178 115 AENEIDOS
1209 66 1349 115 LIB.
1395 68 1520 116 vn.
1946 69 2040 117 225

321 148 547 203 Venatu
582 166 880 215 nemorum,
917 148 1073 202 duris
1112 149 1420 218 Aequicula
1452 149 1676 218 glaebis.

320 224 547 279 Armati
581 228 789 278 terram
826 228 1102 293 exercent,
1140 232 1468 295 semperque
1504 226 1740 281 recentis

322 301 660 356 Convectare
697 301 849 353 iurat
883 302 1120 369 praedas
1153 304 1212 357 ct
1249 304 1430 357 vivere
1447 306 1643 371 ·rapto.

390 377 535 441 Quin
572 380 631 429 et
666 376 948 430 Marruvia
984 378 1136 432 venit
1172 378 1244 432 de
1277 382 1444 447 gente
1483 378 1752 444 sacerdos,
1963 392 2036 435 760

320 453 543 507 Fronde
580 469 745 521 super
779 453 993 520 galeam
1031 458 1092 508 et
1127 456 1271 509 felici
1308 459 1560 524 comptus
1594 455 1754 523 oliva,

318 529 588 599 Archippi
624 530 773 597 regis
806 530 991 595 missu,
1014 530 1358 585 fortissimus
1394 532 1634 598 Umbr0,-

317 604 561 675 Vipereo
596 605 785 674 generi
822 610 881 659 et
914 607 1164 674 graviter
1197 606 1534 676 spirantibus
1569 607 1759 676 hydris

316 681 591 750 Spargere
628 683 723 750 qui
758 698 975 736 somnos
1010 689 1286 751 cantuque
1320 698 1595 751 manuque
1629 682 1856 752 solebat,

316 756 710 827 Mulcebatque
745 758 856 812 iras
890 762 949 812 et
984 776 1200 813 morsus
1235 762 1358 814 arte
1392 759 1623 815 levabat.
1961 771 2032 813 755

314 832 428 887 Sed
462 850 575 887 non
614 833 927 889 Dardaniae
963 834 1224 889 medicari
1259 836 1498 904 cuspidis
1534 837 1706 891 ictum

314 910 551 977 Evaluit,
587 928 767 979 neque
802 928 927 965 eum
964 912 1151 965 iuvere
1187 912 1241 966 iu
1277 913 1498 966 volnera
1531 917 1724 966 cantus

312 986 608 1041 Somniferi
644 991 703 1041 et
742 987 937 1041 Marsis
974 988 1254 1057 quaesitae
1288 988 1566 1043 montibus
1601 987 1821 1043 herbae

311 1063 389 1117 Te
425 1080 623 1118 nemus
661 1063 976 1131 Anguitiae,
1012 1064 1189 1118 vitrea
1223 1068 1282 1119 tc
1322 1066 1556 1120 Fucinus
1591 1064 1756 1145 unda,

310 1140 388 1194 Te
420 1140 620 1207 liquidi
655 1140 853 1193 flevere
889 1139 1054 1194 lacus.
1951 1157 2026 1198 7ου

380 1215 514 1269 Ibat
549 1219 610 1269 et
648 1215 957 1304 Hippolyti
970 1216 1155 1285 proles
1188 1218 1552 1285 pulcherrima
1583 1217 1744 1287 bello,

308 1291 555 1358 Virbius,
590 1291 862 1361 insignem
897 1309 1062 1361 quem
1097 1297 1276 1347 mater
1315 1294 1500 1347 Aricia
1533 1294 1699 1361 misit,

307 1368 588 1422 Eductum
626 1367 856 1435 Egeriae
890 1368 1028 1422 lucis
1063 1368 1348 1423 humentia
1383 1370 1585 1423 circum

307 1444 515 1511 Litora,
551 1444 769 1513 pinguis
804 1442 899 1497 ubi
934 1448 992 1497 et
1028 1444 1309 1513 placabilis
1345 1462 1442 1498 ara
1477 1445 1698 1499 Dianae.

306 1517 567 1589 Namque
601 1520 790 1574 ferunt
822 1521 968 1574 fama
1012 1521 1388 1591 Hippolytum,
1425 1524 1717 1590 postquam
1760 1526 1894 1576 arte
1922 1540 2016 1577 no-

446 1613 644 1651 vercae
1945 1613 2018 1655 7⁶5

306 1672 593 1729 Occiderit
626 1672 943 1743 patriasque
977 1673 1218 1743 explerit
1254 1674 1516 1743 sanguine
1551 1690 1753 1743 poenas

306 1750 569 1805 Turbatis
604 1737 902 1805 distractus
937 1752 1111 1820 equis,
1147 1752 1220 1806 ad
1257 1753 1439 1806 sidera
1473 1767 1663 1806 rursus

308 1827 582 1881 Aetheria
616 1829 675 1880 et
710 1825 936 1895 superas
970 1827 1110 1880 caeli
1143 1829 1356 1882 venisse
1392 1827 1493 1882 sub
1528 1845 1704 1895 auraS,

309 1903 562 1957 Paeoniis
597 1901 909 1958 revocatum
944 1903 1129 1957 herbis
1164 1909 1223 1958 et
1259 1911 1444 1958 amore
1482 1905 1703 1959 Dianae.

307 1980 447 2032 Tum
487 1979 654 2032 Pater
688 1980 1045 2048 omnipotens,
1080 1980 1319 2049 aliquem
1354 1980 1669 2050 indignatus
1703 1981 1775 2036 ab
1808 1983 2016 2038 umbris

306 2056 605 2110 Mol-talem
640 2055 867 2109 infernis
903 2056 978 2109 ad
1010 2056 1218 2110 lumina
1253 2065 1480 2124 surgere
1516 2058 1678 2123 vitae,
1941 2073 2015 2114 771

307 2132 441 2201 Ipse
473 2135 810 2200 repertorem
846 2131 1152 2186 medicinae
1187 2134 1312 2186 talis
1348 2137 1406 2187 et
1441 2133 1576 2186 artis

307 2208 567 2262 Fulmine
604 2207 1009 2276 Phoebigenam
1048 2210 1264 2278 Stygias
1301 2209 1545 2263 detrusit
1579 2209 1652 2262 ad
1687 2210 1876 2266 undas.

306 2285 393 2338 At
428 2285 609 2338 Trivia
647 2284 1007 2354 Hippolytum
1045 2286 1272 2338 secretis
1305 2285 1448 2338 alma
1483 2285 1732 2340 recondit

266 2365 274 2376 ‘
308 2361 563 2426 Sedibus,
598 2363 657 2414 ct
692 2361 959 2429 nymphae
999 2361 1233 2430 Egeriae
1269 2361 1588 2430 nemorique
1621 2363 1848 2432 relegat,
1945 2377 2016 2419 775

308 2437 467 2490 Solus
500 2436 593 2490 ubi
630 2437 687 2489 in
724 2437 869 2490 silvis
909 2437 1067 2492 Italis
1102 2437 1356 2506 ignobilis
1391 2455 1584 2492 aevum

306 2513 585 2580 Exigere&
622 2529 891 2582 versoque
926 2513 1021 2566 ubi
1056 2515 1276 2568 nomine
1312 2514 1540 2568 Virbius
1575 2518 1737 2569 essct.

307 2588 473 2642 Unde
510 2589 677 2642 etiam
714 2590 921 2659 templo
958 2589 1170 2644 Triviae
1205 2590 1452 2659 lucisque
1489 2589 1716 2643 sacratis

309 2665 647 2734 Cornipedes
683 2671 941 2720 arcentur
977 2666 1120 2736 equi,
1158 2666 1310 2736 quod
1343 2666 1505 2719 litore
1541 2681 1762 2719 currum

308 2741 391 2805 Et,
414 2741 665 2796 iuvenem
699 2742 961 2796 monstris
995 2743 1179 2811 pavidi
1216 2741 1460 2796 effudere
1494 2740 1734 2798 marinis.
1943 2756 2017 2798 vso

309 2817 483 2871 Filius
519 2817 767 2872 ardentis
802 2817 953 2872 haud
989 2819 1160 2871 setius
1197 2834 1436 2886 aequore
1471 2817 1647 2887 campi

308 2894 619 2948 Exercebat
654 2911 825 2963 equos
860 2910 1132 2961 curruque
1167 2895 1223 2947 in
1260 2893 1405 2947 bella
1439 2893 1652 2947 ruebat.

380 2971 511 3038 Ipse
545 2972 691 3023 inter
726 2971 931 3037 primos
968 2969 1272 3036 praestanti
1310 2985 1535 3036 corpore
1573 2969 1785 3022 Turnus

310 3045 568 3099 Vertitur
604 3061 757 3098 arma
792 3048 1003 3109 tenens,
1040 3047 1101 3097 et
1135 3046 1254 3096 toto
1290 3045 1495 3098 vertice
1533 3060 1698 3110 supra
1731 3046 1830 3096 est.

310 3119 412 3174 Oui
444 3120 651 3192 triplici
684 3120 885 3174 crinita
917 3118 1049 3171 iuba
1080 3117 1241 3186 galea
1275 3119 1387 3173 alta
1423 3119 1764 3172 Chimaeram
1825 3140 1828 3142 ’
1945 3129 2016 3168 785
