2163 3401
186 94 279 141 156
579 132 602 152 ,
659 90 718 139 P.
758 88 1068 137 VERGILI
1104 89 1441 138 MAROle

182 168 236 223 N
239 187 308 224 on
341 171 497 227 licuit
531 170 754 226 thalami
790 170 1076 237 expertem
1112 168 1230 223 sine
1266 168 1495 223 crimine
1531 172 1703 227 vitam
1827 188 1905 229 σω

184 248 416 317 Degere,
451 266 606 303 more
641 246 806 310 ferae,
843 245 968 299 talis
1005 262 1107 299 nec
1144 248 1378 314 tangere
1412 251 1599 303 curas!

182 324 236 377 N
238 340 308 378 on
343 329 559 379 servata
593 324 746 388 fides,
784 322 954 375 cineri
990 322 1263 390 promissa
1299 323 1566 393 Sychaeo!

182 400 385 455 Tantos
419 401 514 455 illa
546 418 646 455 suo
681 398 974 467 rumpebat
1013 402 1238 469 pectore
1274 405 1515 469 questus.

252 478 473 533 Aeneas
508 479 652 532 celsa
685 478 742 529 in
778 477 962 546 puppi,
1002 479 1110 529 iam
1148 482 1331 531 certus
1365 477 1549 547 eundi,

181 554 458 625 Carpebat
493 571 723 621 somnos,
761 554 926 608 rebus
962 554 1074 607 iam
1112 554 1220 608 rite
1254 555 1473 624 paratis.
1822 572 1904 611 ωε

185 630 327 685 Huic
363 650 422 685 se
455 633 632 686 forma
669 632 761 685 dei
797 631 952 683 voltu
995 631 1281 685 redeuntis
1316 631 1511 685 eodem

181 707 397 761 Obtulit
431 709 487 761 in
523 708 740 776 somnis,
777 724 1076 776 rursusque
1114 708 1195 761 ita
1227 707 1347 761 visa
1380 723 1603 763 monere
1636 710 1740 776 est,

181 780 380 837 Omnia
413 784 689 839 Mercurio
724 784 932 851 similis,
969 800 1269 853 vocemque
1304 784 1651 853 coloremque

179 858 254 913 Et
287 861 452 915 crinis
484 862 652 917 flavos
689 866 747 917 et
782 861 1028 915 membra
1064 860 1265 915 decora
1298 862 1545 915 iuventa:

177 936 326 991 Nate
361 938 480 1006 dea,
513 943 673 1007 potes
708 939 812 993 hoc
848 939 954 993 snb
989 956 1121 993 casu
1156 939 1359 992 ducere
1392 952 1625 1002 somnos,
1819 954 1899 995 εω

179 1011 232 1064 N
233 1030 309 1079 ec,
345 1032 486 1083 quae
521 1018 585 1069 te'
614 1016 818 1070 circum
853 1019 1004 1070 stent
1038 1014 1243 1069 deinde
1276 1013 1534 1083 pericula,
1568 1014 1760 1082 cernis,

177 1088 432 1160 Demens,
466 1109 567 1147 nec
603 1093 882 1163 Zephyros
915 1092 1075 1146 andis
1112 1093 1323 1162 spirare
1358 1091 1659 1145 secundos?

178 1165 286 1219 Illa
319 1167 474 1221 dolos
509 1168 802 1238 dirumque
835 1169 990 1222 nefas
1025 1168 1084 1221 in
1118 1171 1343 1237 pectore
1378 1170 1574 1233 versat,

177 1241 345 1297 Certa
379 1246 529 1311 mori,
568 1246 828 1313 varioque
861 1246 1069 1298 irarum
1107 1245 1337 1299 fluctuat
1372 1246 1542 1298 aestu.

172 1317 300 1377 Non
322 1320 468 1388 fugis
492 1321 618 1375 hinc
642 1338 919 1390 praeceps,
945 1322 1078 1375 dum
1106 1322 1467 1391 praecipitare
1489 1321 1767 1389 potestas?
1818 1336 1894 1375 δας

175 1394 205 1447 I
209 1411 297 1451 am
332 1414 484 1451 mare
517 1397 732 1453 turbari
770 1397 1036 1464 trabibus,
1073 1411 1375 1467 saevasque
1392 1395 1625 1465 ,videbis

175 1471 472 1527 Conlucere
505 1474 667 1541 faces,
703 1474 816 1528 iam
848 1475 1066 1529 fervere
1102 1474 1267 1528 litora
1302 1473 1550 1540 fiammis,

173 1548 234 1601 Si
268 1552 327 1603 te
361 1550 446 1604 his
480 1550 732 1619 attigerit
765 1551 932 1604 terris
971 1551 1193 1604 Aurora
1228 1554 1545 1605 morantem.

174 1624 321 1681 Heia
354 1643 470 1695 age,
507 1644 702 1695 rumpe
737 1642 934 1680 moras.
1009 1626 1240 1681 Varium
1276 1629 1335 1680 et
1369 1624 1637 1679 mutabile
1666 1640 1894 1694 semper

173 1700 411 1758 Femina.
486 1705 576 1760 Sic
611 1705 758 1759 fatus
791 1705 939 1759 nocti
975 1721 1037 1758 se
1071 1705 1349 1758 inmiscuit
1382 1708 1551 1758 atrae.
1812 1717 1890 1756 670

241 1779 378 1833 Tum
416 1797 546 1835 vero
583 1783 819 1849 Aeneas,
854 1781 1054 1834 subitis
1096 1780 1394 1834 exterritus
1426 1778 1653 1848 umbris,

173 1853 412 1925 Corripit
447 1874 478 1910 e
515 1874 703 1911 somno
739 1874 935 1926 corpus
973 1857 1257 1926 sociosque
1292 1857 1519 1925 fatigat3

173 1931 510 2001 Praecipites
544 1933 784 2001 vigilate,
819 1934 938 1998 viri,
978 1936 1035 1987 et
1074 1933 1343 1988 considite
1376 1929 1661 1998 transtris;

171 2007 377 2062 Solvite
411 2010 533 2063 vela
567 2009 677 2064 citi.
751 2010 901 2064 Deus
928 2009 1164 2064 aethere
1202 2010 1401 2062 missus
1434 2007 1507 2062 ab
1538 2006 1655 2062 alto

171 2082 460 2138 Festinato
491 2085 679 2154 fugam
713 2090 1002 2154 tortosque
1035 2084 1283 2139 incidere
1320 2084 1468 2138 funis
1814 2095 1893 2137 ⁶7⁵

169 2158 312 2212 Eece
345 2160 546 2214 iterum
583 2162 844 2217 stimulat.
919 2161 1215 2230 Sequimur
1248 2165 1323 2229 te,
1358 2161 1547 2214 sancte
1579 2157 1831 2224 deorum,

169 2233 430 2304 Quisquis
465 2253 540 2303 es,
575 2238 896 2308 inperioque
931 2238 1134 2292 iterum
1168 2253 1422 2306 paremus
1457 2239 1695 2290 ovantes.

168 2310 342 2365 Adsis
377 2329 411 2367 o
444 2312 798 2383 placidusque
833 2314 1000 2380 iuveS,
1039 2317 1101 2367 et
1136 2313 1320 2367 sidera
1354 2313 1503 2367 melo

168 2386 384 2445 Dextra
416 2389 576 2444 fetas.
651 2390 825 2458 Dixit,
861 2390 1173 2458 vaginaque
1210 2389 1375 2458 eripit
1408 2403 1594 2442 ensem

169 2462 529 2532 Fulmineum,
568 2466 872 2535 strictoque
907 2465 1040 2520 ferit
1074 2465 1381 2520 retinacula
1413 2465 1572 2519 ferro.
1812 2477 1893 2516 sse

168 2537 329 2594 Idem
365 2542 542 2596 omnis
575 2542 736 2596 simul
771 2543 938 2596 ardor
972 2541 1159 2609 habet,
1196 2542 1529 2612 rapiuntque
1561 2539 1849 2607 ruuntque
1860 2559 1877 2603 ;

166 2613 356 2670 Litora
391 2617 715 2684 deseruere;
750 2617 889 2673 latet
922 2617 1027 2671 sub
1062 2617 1329 2672 classibus
1361 2618 1600 2686 aequor3

167 2690 378 2744 Adnixi
408 2696 670 2761 torquent
708 2711 928 2763 spumas
963 2696 1025 2747 et
1058 2693 1277 2748 caerula
1312 2695 1559 2748 verrunt.
1600 2699 1679 2750 Cu

236 2764 310 2818 Et
344 2766 454 2819 iam
487 2769 664 2835 prima
698 2785 837 2825 novo
873 2769 1169 2839 spargebat
1204 2769 1411 2825 lumine
1445 2772 1627 2823 terras

167 2837 390 2892 Tithoni
425 2856 673 2899 croceum
710 2844 964 2914 linquens
1003 2845 1223 2900 Aurora
1258 2845 1453 2900 cubile.
1813 2859 1895 2900 ess

167 2911 383 2977 Regina
416 2929 449 2966 e
482 2918 714 2983 speculis
747 2923 812 2972 ut
845 2920 1085 2989 primum
1120 2921 1401 2978 albescere
1434 2922 1615 2975 lucem

167 2984 329 3039 Vidit
363 2989 423 3040 et
456 2992 707 3060 aequatis
739 2993 970 3049 classem
1003 2998 1308 3064 procedere
1342 2997 1495 3065 velis,

167 3055 466 3129 Litoraque
501 3065 559 3116 et
592 3081 788 3122 vacuos
823 3071 995 3125 sensit
1029 3071 1151 3128 sine
1185 3075 1395 3144 remige
1427 3076 1641 3144 pou-ms,

167 3131 384 3201 Terque
419 3138 721 3205 quaterque
754 3158 919 3197 manu
952 3151 1146 3215 peetus
1180 3165 1440 3220 percussa
1474 3149 1738 3206 decorum
