2163 3401
244 103 336 153 144
709 100 768 148 P.
803 100 1113 149 VERGILI
1146 97 1482 150 MARONIS

240 180 414 245 Quam
451 180 639 248 procul
676 178 952 234 incautam
989 196 1214 235 nemora
1247 181 1397 234 inter
1432 178 1622 235 Cresia
1654 183 1786 239 fixit

238 257 434 311 Pastor
469 273 636 324 agens
672 256 816 324 telis,
853 257 1124 326 liquitque
1157 257 1378 312 volatile
1412 258 1620 313 ferrum

237 333 286 386 Ν
293 327 620 407 esciusQilla
655 334 786 401 fuga
821 334 983 387 silvas
1019 334 1301 402 saltusque
1336 337 1597 403 peragmt

237 409 520 473 Dictaeos;
555 410 750 463 haeret
783 409 945 463 lateri
981 410 1163 464 letalis
1196 410 1421 465 arunde.

239 486 290 539 N
294 503 397 540 une
431 486 614 540 media
650 487 877 540 Aenean
913 502 1097 541 secum
1133 502 1233 555 per
1270 487 1485 541 moenia
1520 488 1687 557 ducit,

239 562 594 631 Sidoniasque
627 565 871 616 ostentat
905 578 1038 630 opes
1073 561 1376 629 urbemque
1408 566 1692 631 paratam3
1908 578 1959 623 ⁷⁵

238 638 438 707 Incipit
473 639 640 707 effari,
675 638 966 707 mediaque
1001 638 1059 691 in
1095 654 1225 693 voce
1261 639 1498 704 resistit;

238 715 291 768 N
295 731 398 768 une
433 716 626 769 eadem
661 714 882 769 labente
918 715 1008 769 die
1043 714 1291 769 convivia
1324 715 1553 783 quaerit,

241 791 543 859 Iliacosque
577 792 779 845 iterum
816 791 1041 845 demens
1075 790 1271 844 audire
1308 790 1523 845 labores

241 866 513 936 Exposeit,
547 868 863 936 pendetque
899 868 1102 921 iterum
1137 867 1409 921 narrantis
1443 865 1514 921 ab
1550 884 1659 922 ore.

241 943 388 1010 Post,
422 944 518 997 ubi
555 944 802 1011 digressi,
836 944 1133 1011 lumenque
1168 941 1399 997 obseura
1433 943 1670 999 vicissim
1906 958 1956 998 so

241 1020 397 1074 Luna
430 1021 630 1088 premit
666 1020 1008 1087 suadentque
1045 1018 1296 1073 oedentia
1330 1018 1512 1073 sidera
1548 1028 1786 1087 semum,

241 1096 367 1150 Sola
402 1096 563 1149 domo
601 1099 812 1149 maeret
847 1112 1032 1163 vacua,
1069 1095 1372 1164 stratisque
1408 1095 1611 1151 relictis

242 1171 488 1226 Incubat.
561 1171 725 1225 Illum
761 1171 960 1225 absens
996 1171 1281 1225 absentem
1319 1171 1582 1239 auditque
1618 1172 1903 1241 videtque,

242 1250 359 1301 Aut
393 1248 598 1317 gremio
637 1248 950 1315 Ascanium,
987 1247 1252 1315 genitoris
1287 1247 1525 1315 imagine
1560 1251 1738 1316 capta,

242 1324 483 1392 Detinet,
520 1324 803 1378 infandum
839 1324 887 1378 si
921 1323 1113 1377 fallere
1150 1322 1325 1392 possit
1362 1340 1617 1383 amorem.
1906 1338 1953 1376 85

243 1400 365 1453 Non
400 1404 626 1469 coeptae
664 1400 970 1467 adsurgunt
1005 1403 1202 1465 turres,
1240 1416 1348 1452 non
1384 1416 1537 1453 arma
1571 1400 1830 1453 iuventus

246 1476 495 1543 Exercet,
531 1479 800 1544 portusve
835 1479 934 1528 aut
969 1475 1373 1544 propugnacula
1407 1474 1551 1531 bello

244 1552 385 1606 Tuta
417 1556 639 1621 parant3
674 1552 921 1621 pendent
956 1567 1123 1619 opera
1157 1552 1471 1620 interrupta
1502 1551 1801 1621 minaeque

243 1628 527 1682 Murorum
563 1628 810 1697 ingentes
845 1632 1193 1697 aequataque
1229 1628 1479 1683 maehina
1514 1628 1679 1682 oeelo.

315 1706 488 1770 Quam
525 1706 683 1758 simul
718 1722 780 1759 ae
816 1705 912 1758 tali
949 1705 1221 1774 persensit
1256 1709 1414 1772 peste
1450 1705 1627 1758 teneri
1910 1719 1959 1760 ω

245 1781 386 1835 Cara
423 1781 567 1835 Iovis
603 1782 852 1847 coniunx,
889 1798 990 1836 nee
1024 1780 1224 1834 famam
1262 1781 1483 1835 obstare
1518 1781 1715 1854 furori,

245 1857 461 1911 Talibus
495 1857 819 1926 adgreditur
855 1857 1130 1912 Venerem
1167 1857 1419 1911 Saturnia
1456 1857 1639 1912 dictis:

245 1933 534 2001 Egregiam
569 1950 699 1988 vero
735 1933 954 1988 laudem
991 1938 1051 1987 et
1086 1933 1263 2002 spolia
1296 1933 1477 2002 ampla
1512 1933 1733 1987 refertis

244 2009 434 2077 Tuque
467 2026 712 2078 puerque
748 2014 888 2074 tuuS,
926 2025 1181 2078 magnum
1219 2013 1276 2062 et
1313 2008 1665 2062 memorabile
1698 2025 1917 2080 nomen,

245 2084 369 2138 Una
404 2085 530 2139 dolo
566 2085 744 2138 divom
782 2086 829 2139 si
862 2086 1062 2139 femina
1098 2085 1243 2138 vieta
1278 2085 1510 2138 duorum
1546 2089 1652 2140 est.
1910 2100 1959 2142 96

244 2160 296 2213 N
300 2177 362 2214 ec
396 2178 484 2216 me
520 2163 658 2216 adeo
689 2162 834 2215 fallit
871 2162 1099 2214 veritam
1138 2164 1197 2214 te
1232 2162 1445 2215 moenia
1479 2165 1669 2215 nostra

245 2236 536 2306 Suspectas
572 2237 828 2291 habuisse
866 2237 1056 2291 domos
1098 2237 1459 2306 Karthaginis
1492 2237 1649 2292 altae.

244 2312 354 2366 Sed
389 2315 510 2383 quis
547 2315 654 2368 erit
689 2314 897 2378 modus,
933 2317 1030 2367 aut
1067 2330 1177 2382 quo
1212 2330 1355 2367 nune
1391 2315 1693 2368 certamine
1725 2317 1927 2370 tanto?

245 2389 384 2453 Quin
421 2390 604 2458 potius
639 2406 828 2457 paceni
867 2393 1144 2444 aeternam
1182 2393 1480 2460 pactosque
1516 2389 1851 2459 hymenaeos

245 2464 616 2520 Exci-cemus?
653 2465 836 2532 habes,
873 2469 994 2520 tota
1029 2465 1177 2534 quod
1212 2469 1397 2520 mente
1432 2466 1643 2535 petisti:
1894 2483 1961 2522 ιο·

246 2543 429 2596 Ardet
463 2558 650 2594 amans
689 2539 831 2594 Dido
868 2541 1151 2610 traxitque
1186 2559 1287 2610 per
1320 2558 1447 2596 ossa
1479 2542 1739 2599 furorem.

245 2617 598 2671 Communem
633 2617 776 2670 hunc
811 2634 941 2686 ergo
978 2617 1238 2686 populum
1274 2618 1613 2686 paribusque
1650 2635 1913 2688 regamus

245 2694 546 2762 Auspiciis;
580 2693 740 2746 liceat
778 2693 1011 2762 Phrygio
1048 2694 1253 2747 servire
1288 2694 1503 2762 marite,

243 2767 566 2836 Dotalisque
603 2773 733 2821 tuae
771 2770 956 2838 Tyrios
994 2769 1321 2838 permittere
1358 2771 1603 2824 dextrae.
1654 2767 1707 2828 ,Ο

314 2841 662 2896 Olli—sensit
698 2845 841 2897 enim
878 2845 1134 2899 simulata
1170 2850 1354 2899 mente
1390 2846 1642 2915 locutam,
1891 2859 1959 2902 ιω

247 2916 365 2978 Quo
400 2933 629 2983 regnum
668 2919 862 2973 Italiae
901 2921 1127 2988 Libycas
1160 2925 1438 2976 averteret
1474 2939 1671 2976 oras-

246 2989 334 3042 Sic
367 2994 557 3043 eontra
590 2995 674 3045 est
708 2994 954 3060 ingressa
991 2997 1202 3051 Venus:
1240 2997 1373 3062 Quis
1408 2999 1543 3052 talia
1577 2999 1814 3056 demon}

247 3063 485 3129 Abnuat,
521 3069 618 3118 aut
652 3070 834 3121 tecum
869 3071 1024 3125 malit
1057 3074 1393 3128 contendere
1428 3074 1589 3144 belle,

247 3137 303 3190 Si
339 3139 516 3206 mode,
551 3140 700 3207 quod
734 3160 1015 3212 memoras,
1051 3146 1258 3202 factum
1293 3150 1514 3204 fortuna
1548 3159 1825 3222 sequatur
1837 3156 1861 3214 ἵ
1952 3169 1971 3178 “
