2163 3401
160 92 255 139 232
654 87 715 136 P.
754 86 1067 142 vascam·
1099 88 1434 137 MARoms

159 170 372 225 Servati
403 169 632 223 facimus
667 168 1002 237 meritosque
1040 186 1309 223 novamus
1345 171 1592 227 honores.
1715 237 1722 247 ι

160 248 280 302 Iam
315 246 554 315 primuni
590 246 735 299 saxis
770 261 1090 313 suspensam
1125 245 1264 301 hanc
1302 250 1483 317 aspice
1523 266 1738 320 rupem,

160 324 435 378 Disiectae
470 322 657 391 procul
693 324 756 374 ut
790 321 975 387 moles,
994 322 1348 391 desertaque
1387 328 1588 380 montis

162 402 283 456 Stat
318 401 527 467 domus,
566 402 625 451 et
660 398 863 465 scopuli
900 397 1180 465 ingentem
1222 404 1442 455 traxere
1476 402 1711 461 ruinam.

164 480 270 533 Hic
303 480 559 548 spelunca
591 475 711 542 fuit,
746 478 900 529 vasto
936 475 1194 530 submota
1227 494 1461 546 recessu,

164 555 536 609 Semihominis
574 552 702 606 Caci
736 552 901 605 facies
939 569 1102 621 quam
1143 552 1265 605 dira
1301 554 1543 623 tenebat,

162 632 303 685 Solis
336 632 663 685 inaccessam
699 628 899 693 radiis;
938 646 1264 698 semperque
1301 632 1509 685 recenti

164 708 345 762 Caede
379 708 607 777 tepebat
642 706 852 771 humus,
889 705 1205 773 foribusque
1243 706 1425 760 adfixa
1462 708 1716 777 superbis

164 784 275 837 Ora
309 784 486 836 virum
521 783 668 837 tristi
704 781 1024 851 pendebant
1061 782 1267 849 pallida
1303 782 1448 839 tabe.
1505 792 1510 797 “

166 860 308 914 Huic
342 865 587 915 monstro
630 858 899 911 Volcanus
933 860 1056 911 erat
1094 862 1290 925 pater:
1327 859 1470 913 illius
1507 865 1662 917 atros

164 936 274 991 Ore
309 953 531 991 vomens
564 936 707 1003 ignis
742 950 940 1001 magna
976 950 1036 987 sc
1071 934 1218 988 mole
1257 936 1486 990 ferebat.

165 1013 376 1067 Attulit
413 1017 471 1066 et
504 1012 663 1065 nobis
697 1010 987 1079 aliquando
1024 1011 1341 1079 optantibus
1376 1017 1530 1067 aetas

166 1089 445 1142 Auxilium
481 1088 887 1155 adventumque
924 1086 1027 1139 dei.
1107 1086 1246 1140 Nam
1284 1106 1570 1143 maxumus
1603 1090 1776 1161 ultor,

164 1164 470 1232 Tergemini
504 1181 638 1217 nece
676 1164 955 1232 Geryonae
992 1163 1284 1232 spoliisque
1323 1165 1605 1233 superbus,

165 1240 388 1294 Alcides
424 1240 633 1307 aderat,
670 1243 985 1308 taurosque·
1002 1240 1105 1293 hac
1142 1240 1320 1295 victor
1357 1241 1555 1309 agebat

164 1315 422 1385 Ingentis,
459 1316 767 1384 vallemque
803 1316 971 1369 boves
1011 1333 1341 1385 amnemque
1377 1318 1657 1373 tenebant.

165 1395 246 1448 At
276 1393 431 1447 furiis
469 1392 596 1446 Caci
631 1409 784 1445 mens
820 1392 1002 1459 effera,
1041 1410 1113 1446 ne
1153 1393 1286 1461 quid
1322 1394 1568 1447 inausum

164 1473 283 1523 Aut
315 1471 672 1523 intractatum
709 1469 995 1523 scelerisve
1038 1469 1216 1523 dolive
1253 1470 1463 1537 fuisset,

162 1547 434 1611 Quattuor
468 1563 502 1599 a
536 1545 765 1599 stabulis
800 1546 1104 1614 praestanti
1143 1562 1370 1615 corpore
1407 1550 1595 1601 tauros

164 1624 401 1690 Avertit,
438 1623 673 1677 totidem
708 1621 883 1675 forma
918 1626 1211 1689 superante
1248 1623 1512 1676 iuvencas.

164 1699 350 1768 Atque
382 1698 497 1766 hos,
534 1716 603 1752 ne
641 1715 749 1767 qua
783 1700 965 1752 forent
1000 1698 1238 1766 pedibus
1275 1699 1506 1767 vestigia
1540 1700 1724 1769 rectis,

162 1775 350 1830 Gauda
385 1775 441 1829 in
478 1775 788 1843 speluncam
826 1779 1033 1830 tractos
1070 1775 1350 1843 versisque
1385 1776 1593 1828 viarum

165 1851 387 1904 Iudiciis
421 1857 610 1920 raptos
646 1858 777 1905 saxo
815 1850 1127 1904 occultabat
1165 1867 1346 1918 opaco,

164 1927 461 1992 Quaerenti
493 1927 643 1981 nulla
676 1927 749 1980 ad
784 1926 1096 1994 speluncam
1131 1927 1288 1994 signa
1324 1927 1588 1984 ferebant.

165 2005 397 2070 Interea,
436 2020 557 2057 cum
593 2004 701 2057 iam
739 2003 967 2056 stabulis
1004 2006 1252 2056 saturata
1287 2008 1532 2058 moveret

164 2079 683 2148 Amphitryoniades
718 2081 969 2132 armenta
1004 2077 1324 2147 abitumque
1361 2084 1600 2150 pararet,

166 2153 417 2210 Discessu
450 2156 661 2224 mugire
696 2156 879 2222 boves,
914 2158 1081 2222 atque
1118 2171 1278 2208 omne
1315 2156 1552 2224 querelis

166 2231 369 2302 Inpleri
404 2249 611 2300 nemuS,
648 2236 705 2285 et
740 2232 903 2285 eolles
938 2231 1174 2285 clamore
1210 2231 1455 2300 relinqui.

164 2308 430 2364 Reddidit
464 2325 573 2362 una
606 2308 771 2362 boum
806 2322 993 2361 vocem
1029 2311 1292 2376 vastoque
1329 2309 1430 2361 sub
1465 2311 1624 2363 antro

162 2385 362 2455 Mugiit
396 2390 455 2440 et
492 2386 619 2441 Caci
656 2401 809 2454 spem
846 2383 1126 2438 custodita
1161 2384 1370 2438 fefellit.

163 2463 270 2517 Hic
304 2480 433 2518 vero
472 2461 705 2516 Alcidae
739 2461 897 2515 furiis
944 2463 1228 2518 exarserat
1265 2463 1389 2514 atro

163 2540 312 2595 Felle
338 2541 519 2607 dolor3
562 2537 707 2607 rapit
732 2555 883 2592 arma
906 2554 1071 2591 mauu
1095 2537 1362 2605 nodisque
1383 2537 1674 2604 gravatum

162 2615 367 2686 Robur,·
403 2622 459 2672 et
496 2616 631 2671 aerii
666 2632 826 2670 cursu
861 2615 1002 2683 petit
1036 2614 1212 2668 ardua
1247 2613 1467 2668 montis.

162 2692 296 2747 Tum
332 2695 568 2763 primum
605 2692 780 2746 nostri
818 2693 1019 2746 Cacum
1057 2691 1250 2745 videre
1286 2690 1578 2744 timentem

162 2767 569 2838 Tui-batumque
604 2769 771 2823 oculis
795 2791 807 2834 ;
842 2770 983 2838 fugIt
1018 2768 1166 2822 ilicet
1202 2768 1348 2822 ocior
1387 2767 1534 2821 Euro
1749 2805 1757 2814 .

160 2842 587 2912 Speluncamque
622 2845 803 2911 petit3
839 2845 1075 2911 pedibus
1112 2845 1280 2898 timor
1315 2842 1534 2896 addidit
1568 2840 1698 2896 alas.

160 2918 240 2968 Ut
275 2935 394 2968 sese
429 2918 661 2979 inclusit,
696 2920 981 2984 ruptisque
1015 2920 1230 2972 inmane
1267 2919 1472 2972 catenis

159 2987 370 3038 Deiecit
405 3003 609 3051 saxum,
644 2991 789 3040 ferro
828 2993 976 3056 quod
1020 2997 1078 3045 et
1117 2996 1239 3046 arte
1275 2997 1506 3060 paterna

158 3057 454 3119 Pendebat,
489 3059 760 3124 fultosque
797 3067 1025 3119 emuniit
1062 3067 1236 3121 obiice
1271 3069 1460 3136 postis,

155 3125 293 3177 Ecce
326 3128 511 3178 furens
545 3130 737 3181 animis
770 3134 967 3188 aderat
1004 3139 1334 3206 Tirynthius,
1370 3157 1698 3214 omnemque

22 3311 187 3370 'N

1809 268 1889 307 Im

1812 652 1890 691 195

1805 1795 1886 1834 210

1809 2175 1884 2214 215
