<?xml version="1.0" encoding="UTF-8"?>
<!DOCTYPE html PUBLIC "-//W3C//DTD XHTML 1.0 Transitional//EN"
    "http://www.w3.org/TR/xhtml1/DTD/xhtml1-transitional.dtd">
<html xmlns="http://www.w3.org/1999/xhtml" xml:lang="en" lang="en">
 <head>
  <title>
</title>
<meta http-equiv="Content-Type" content="text/html;charset=utf-8" />
  <meta name='ocr-system' content='tesseract 3.04.00' />
  <meta name='ocr-capabilities' content='ocr_page ocr_carea ocr_par ocr_line ocrx_word'/>
</head>
<body>
  <div class='ocr_page' id='page_1' title='image "./operaexrecensio04virggoog/operaexrecensio04virggoog_0182.png"; bbox 0 0 2163 3401; ppageno 0'>
   <div class='ocr_carea' id='block_1_1' title="bbox 139 61 1388 114">
    <p class='ocr_par' dir='ltr' id='par_1_1' title="bbox 139 61 1388 114">
     <span class='ocr_line' id='line_1_1' title="bbox 139 61 1388 114; baseline -0.002 0"><span class='ocrx_word' id='word_1_1' title='bbox 139 67 234 114; x_wconf 83' lang='lat'><strong>168</strong></span> <span class='ocrx_word' id='word_1_2' title='bbox 598 64 658 112; x_wconf 91' lang='lat' dir='ltr'><strong>P.</strong></span> <span class='ocrx_word' id='word_1_3' title='bbox 697 61 1007 112; x_wconf 83' lang='lat' dir='ltr'><strong>VERGILI</strong></span> <span class='ocrx_word' id='word_1_4' title='bbox 1052 63 1388 112; x_wconf 74' lang='lat' dir='ltr'>MARONIS</span> 
     </span>
    </p>
   </div>
   <div class='ocr_carea' id='block_1_2' title="bbox 130 143 1857 3177">
    <p class='ocr_par' dir='ltr' id='par_1_2' title="bbox 137 143 1747 290">
     <span class='ocr_line' id='line_1_2' title="bbox 137 143 1747 213; baseline -0.001 -15"><span class='ocrx_word' id='word_1_5' title='bbox 137 143 416 199; x_wconf 64' lang='lat' dir='ltr'><strong>Omnibus·</strong></span> <span class='ocrx_word' id='word_1_6' title='bbox 435 144 522 198; x_wconf 67' lang='lat' dir='ltr'><strong>hic</strong></span> <span class='ocrx_word' id='word_1_7' title='bbox 557 144 665 199; x_wconf 89' lang='lat' dir='ltr'><strong>erit</strong></span> <span class='ocrx_word' id='word_1_8' title='bbox 697 161 840 199; x_wconf 90' lang='lat' dir='ltr'><strong>unus</strong></span> <span class='ocrx_word' id='word_1_9' title='bbox 872 143 1060 198; x_wconf 81' lang='lat' dir='ltr'><strong>honos.</strong></span> <span class='ocrx_word' id='word_1_10' title='bbox 1133 144 1269 199; x_wconf 85' lang='lat' dir='ltr'><strong>Tres</strong></span> <span class='ocrx_word' id='word_1_11' title='bbox 1303 144 1565 213; x_wconf 74' lang='lat' dir='ltr'><strong>praemia·</strong></span> <span class='ocrx_word' id='word_1_12' title='bbox 1581 144 1747 212; x_wconf 85' lang='lat' dir='ltr'><strong>primi</strong></span> 
     </span>
     <span class='ocr_line' id='line_1_3' title="bbox 139 221 1443 290; baseline 0.001 -16"><span class='ocrx_word' id='word_1_13' title='bbox 139 221 441 290; x_wconf 84' lang='lat' dir='ltr'><strong>Accipient,</strong></span> <span class='ocrx_word' id='word_1_14' title='bbox 477 221 725 289; x_wconf 78' lang='lat' dir='ltr'><strong>flavaque</strong></span> <span class='ocrx_word' id='word_1_15' title='bbox 759 225 926 290; x_wconf 85' lang='lat' dir='ltr'><strong>caput</strong></span> <span class='ocrx_word' id='word_1_16' title='bbox 960 223 1253 275; x_wconf 73' lang='lat' dir='ltr'><strong>nectentur</strong></span> <span class='ocrx_word' id='word_1_17' title='bbox 1288 221 1443 275; x_wconf 85' lang='lat' dir='ltr'><strong>oliva.</strong></span> 
     </span>
    </p>

    <p class='ocr_par' dir='ltr' id='par_1_3' title="bbox 137 297 1853 520">
     <span class='ocr_line' id='line_1_4' title="bbox 138 297 1853 366; baseline 0.002 -17"><span class='ocrx_word' id='word_1_18' title='bbox 138 297 354 350; x_wconf 83' lang='lat' dir='ltr'>Primus</span> <span class='ocrx_word' id='word_1_19' title='bbox 389 313 590 366; x_wconf 91' lang='lat' dir='ltr'><strong>equum</strong></span> <span class='ocrx_word' id='word_1_20' title='bbox 626 297 868 366; x_wconf 86' lang='lat' dir='ltr'><strong>phaleris</strong></span> <span class='ocrx_word' id='word_1_21' title='bbox 901 297 1170 365; x_wconf 82' lang='lat' dir='ltr'>insignem</span> <span class='ocrx_word' id='word_1_22' title='bbox 1206 297 1383 351; x_wconf 83' lang='lat' dir='ltr'><strong>victor</strong></span> <span class='ocrx_word' id='word_1_23' title='bbox 1416 297 1635 365; x_wconf 86' lang='lat' dir='ltr'><strong>habete,</strong></span> <span class='ocrx_word' id='word_1_24' title='bbox 1772 313 1853 353; x_wconf 78' lang='lat'><strong>³10</strong></span> 
     </span>
     <span class='ocr_line' id='line_1_5' title="bbox 139 374 1650 444; baseline 0.002 -18"><span class='ocrx_word' id='word_1_25' title='bbox 139 374 300 427; x_wconf 90' lang='lat' dir='ltr'><strong>Alter</strong></span> <span class='ocrx_word' id='word_1_26' title='bbox 337 374 688 428; x_wconf 81' lang='lat' dir='ltr'><strong>Amazoniam</strong></span> <span class='ocrx_word' id='word_1_27' title='bbox 723 374 1038 444; x_wconf 75' lang='lat' dir='ltr'>pharetram</span> <span class='ocrx_word' id='word_1_28' title='bbox 1074 374 1402 443; x_wconf 81' lang='lat' dir='ltr'><strong>plenamque</strong></span> <span class='ocrx_word' id='word_1_29' title='bbox 1436 374 1650 444; x_wconf 75' lang='lat' dir='ltr'><strong>sagittis</strong></span> 
     </span>
     <span class='ocr_line' id='line_1_6' title="bbox 137 450 1433 520; baseline 0.001 -17"><span class='ocrx_word' id='word_1_30' title='bbox 137 450 410 518; x_wconf 76' lang='lat' dir='ltr'><strong>Threiciis,</strong></span> <span class='ocrx_word' id='word_1_31' title='bbox 447 450 561 504; x_wconf 90' lang='lat' dir='ltr'><strong>lato</strong></span> <span class='ocrx_word' id='word_1_32' title='bbox 597 467 763 520; x_wconf 88' lang='lat' dir='ltr'><strong>quam</strong></span> <span class='ocrx_word' id='word_1_33' title='bbox 797 450 1264 519; x_wconf 77' lang='lat' dir='ltr'><strong>circumplectitur</strong></span> <span class='ocrx_word' id='word_1_34' title='bbox 1298 467 1433 504; x_wconf 87' lang='lat' dir='ltr'><strong>auro</strong></span> 
     </span>
    </p>

    <p class='ocr_par' dir='ltr' id='par_1_4' title="bbox 137 526 1478 595">
     <span class='ocr_line' id='line_1_7' title="bbox 137 526 1478 595; baseline 0.001 -16"><span class='ocrx_word' id='word_1_35' title='bbox 137 527 378 595; x_wconf 91' lang='lat' dir='ltr'><strong>Balteus,</strong></span> <span class='ocrx_word' id='word_1_36' title='bbox 415 531 474 581; x_wconf 90' lang='lat' dir='ltr'><strong>et</strong></span> <span class='ocrx_word' id='word_1_37' title='bbox 509 527 676 581; x_wconf 87' lang='lat' dir='ltr'><strong>tereti</strong></span> <span class='ocrx_word' id='word_1_38' title='bbox 714 527 994 581; x_wconf 79' lang='lat' dir='ltr'><strong>subnectit</strong></span> <span class='ocrx_word' id='word_1_39' title='bbox 1025 526 1197 580; x_wconf 84' lang='lat' dir='ltr'><strong>fibula</strong></span> <span class='ocrx_word' id='word_1_40' title='bbox 1229 543 1478 595; x_wconf 84' lang='lat' dir='ltr'><strong>gemma3</strong></span> 
     </span>
    </p>

    <p class='ocr_par' dir='ltr' id='par_1_5' title="bbox 135 602 1595 672">
     <span class='ocr_line' id='line_1_8' title="bbox 135 602 1595 672; baseline 0.001 -15"><span class='ocrx_word' id='word_1_41' title='bbox 135 603 355 657; x_wconf 85' lang='lat' dir='ltr'><strong>Tertius</strong></span> <span class='ocrx_word' id='word_1_42' title='bbox 393 603 654 672; x_wconf 85' lang='lat' dir='ltr'><strong>Argolica</strong></span> <span class='ocrx_word' id='word_1_43' title='bbox 687 602 789 656; x_wconf 80' lang='lat' dir='ltr'><strong>hac</strong></span> <span class='ocrx_word' id='word_1_44' title='bbox 823 603 982 671; x_wconf 85' lang='lat' dir='ltr'><strong>galea</strong></span> <span class='ocrx_word' id='word_1_45' title='bbox 1015 606 1309 656; x_wconf 88' lang='lat' dir='ltr'><strong>contentus</strong></span> <span class='ocrx_word' id='word_1_46' title='bbox 1344 603 1521 658; x_wconf 84' lang='lat' dir='ltr'><strong>abito.</strong></span> <span class='ocrx_word' id='word_1_47' title='bbox 1590 621 1595 626; x_wconf 90' lang='lat'>·</span> 
     </span>
    </p>

    <p class='ocr_par' dir='ltr' id='par_1_6' title="bbox 137 679 1855 824">
     <span class='ocr_line' id='line_1_9' title="bbox 139 679 1855 749; baseline 0.002 -16"><span class='ocrx_word' id='word_1_48' title='bbox 139 679 293 733; x_wconf 87' lang='lat' dir='ltr'><strong>Haec</strong></span> <span class='ocrx_word' id='word_1_49' title='bbox 326 680 422 733; x_wconf 90' lang='lat' dir='ltr'><strong>ubi</strong></span> <span class='ocrx_word' id='word_1_50' title='bbox 458 679 620 746; x_wconf 89' lang='lat' dir='ltr'><strong>dicta,</strong></span> <span class='ocrx_word' id='word_1_51' title='bbox 655 679 832 732; x_wconf 87' lang='lat' dir='ltr'><strong>locum</strong></span> <span class='ocrx_word' id='word_1_52' title='bbox 867 679 1108 748; x_wconf 86' lang='lat' dir='ltr'><strong>capiunt,</strong></span> <span class='ocrx_word' id='word_1_53' title='bbox 1144 679 1412 748; x_wconf 87' lang='lat' dir='ltr'><strong>signoque</strong></span> <span class='ocrx_word' id='word_1_54' title='bbox 1446 682 1677 749; x_wconf 85' lang='lat' dir='ltr'><strong>repente</strong></span> <span class='ocrx_word' id='word_1_55' title='bbox 1773 695 1855 736; x_wconf 68' lang='grc' dir='ltr'><strong>διε</strong></span> 
     </span>
     <span class='ocr_line' id='line_1_10' title="bbox 137 754 1585 824; baseline -0.001 -15"><span class='ocrx_word' id='word_1_56' title='bbox 137 756 450 824; x_wconf 87' lang='lat' dir='ltr'><strong>Corripiunt</strong></span> <span class='ocrx_word' id='word_1_57' title='bbox 485 756 662 824; x_wconf 87' lang='lat' dir='ltr'><strong>spatia</strong></span> <span class='ocrx_word' id='word_1_58' title='bbox 697 754 903 823; x_wconf 84' lang='lat' dir='ltr'><strong>audite,</strong></span> <span class='ocrx_word' id='word_1_59' title='bbox 940 754 1218 824; x_wconf 86' lang='lat' dir='ltr'><strong>limenque</strong></span> <span class='ocrx_word' id='word_1_60' title='bbox 1251 755 1585 824; x_wconf 87' lang='lat' dir='ltr'><strong>relinquunt,</strong></span> 
     </span>
    </p>

    <p class='ocr_par' dir='ltr' id='par_1_7' title="bbox 137 831 1478 900">
     <span class='ocr_line' id='line_1_11' title="bbox 137 831 1478 900; baseline 0.001 -16"><span class='ocrx_word' id='word_1_61' title='bbox 137 832 307 886; x_wconf 85' lang='lat' dir='ltr'><strong>Effusi</strong></span> <span class='ocrx_word' id='word_1_62' title='bbox 342 832 528 886; x_wconf 90' lang='lat' dir='ltr'><strong>nimbo</strong></span> <span class='ocrx_word' id='word_1_63' title='bbox 562 831 784 899; x_wconf 85' lang='lat' dir='ltr'><strong>similes,</strong></span> <span class='ocrx_word' id='word_1_64' title='bbox 823 832 983 886; x_wconf 87' lang='lat' dir='ltr'><strong>simul</strong></span> <span class='ocrx_word' id='word_1_65' title='bbox 1019 832 1215 886; x_wconf 88' lang='lat' dir='ltr'><strong>ultima</strong></span> <span class='ocrx_word' id='word_1_66' title='bbox 1249 831 1478 900; x_wconf 80' lang='lat' dir='ltr'><strong>signant.</strong></span> 
     </span>
    </p>

    <p class='ocr_par' dir='ltr' id='par_1_8' title="bbox 135 907 1651 1052">
     <span class='ocr_line' id='line_1_12' title="bbox 136 907 1651 977; baseline 0.002 -17"><span class='ocrx_word' id='word_1_67' title='bbox 136 907 351 962; x_wconf 81' lang='lat' dir='ltr'><strong>Primus</strong></span> <span class='ocrx_word' id='word_1_68' title='bbox 386 908 504 962; x_wconf 91' lang='lat' dir='ltr'><strong>abit</strong></span> <span class='ocrx_word' id='word_1_69' title='bbox 537 908 808 977; x_wconf 86' lang='lat' dir='ltr'><strong>longeque</strong></span> <span class='ocrx_word' id='word_1_70' title='bbox 841 913 972 962; x_wconf 85' lang='lat' dir='ltr'><strong>ante</strong></span> <span class='ocrx_word' id='word_1_71' title='bbox 1005 909 1186 961; x_wconf 76' lang='lat' dir='ltr'><strong>omnia</strong></span> <span class='ocrx_word' id='word_1_72' title='bbox 1218 925 1448 976; x_wconf 88' lang='lat' dir='ltr'><strong>corpora</strong></span> <span class='ocrx_word' id='word_1_73' title='bbox 1482 909 1651 963; x_wconf 81' lang='lat' dir='ltr'><strong>Nisus</strong></span> 
     </span>
     <span class='ocr_line' id='line_1_13' title="bbox 135 984 1381 1052; baseline 0.001 -16"><span class='ocrx_word' id='word_1_74' title='bbox 135 984 360 1052; x_wconf 80' lang='lat' dir='ltr'><strong>Emicat,</strong></span> <span class='ocrx_word' id='word_1_75' title='bbox 397 988 457 1039; x_wconf 93' lang='lat' dir='ltr'><strong>et</strong></span> <span class='ocrx_word' id='word_1_76' title='bbox 490 985 670 1038; x_wconf 72' lang='lat' dir='ltr'><strong>ventis</strong></span> <span class='ocrx_word' id='word_1_77' title='bbox 705 988 764 1039; x_wconf 91' lang='lat' dir='ltr'><strong>et</strong></span> <span class='ocrx_word' id='word_1_78' title='bbox 797 984 1036 1038; x_wconf 80' lang='lat' dir='ltr'><strong>fulminis</strong></span> <span class='ocrx_word' id='word_1_79' title='bbox 1071 984 1220 1037; x_wconf 86' lang='lat' dir='ltr'><strong>ocior</strong></span> <span class='ocrx_word' id='word_1_80' title='bbox 1253 984 1381 1050; x_wconf 84' lang='lat' dir='ltr'><strong>alis;</strong></span> 
     </span>
    </p>

    <p class='ocr_par' dir='ltr' id='par_1_9' title="bbox 131 1060 1857 1741">
     <span class='ocr_line' id='line_1_14' title="bbox 139 1060 1857 1131; baseline 0.002 -18"><span class='ocrx_word' id='word_1_81' title='bbox 139 1061 443 1114; x_wconf 75' lang='lat' dir='ltr'><strong>Proxumus</strong></span> <span class='ocrx_word' id='word_1_82' title='bbox 477 1060 616 1126; x_wconf 89' lang='lat' dir='ltr'><strong>huic,</strong></span> <span class='ocrx_word' id='word_1_83' title='bbox 651 1060 814 1128; x_wconf 83' lang='lat' dir='ltr'><strong>longo</strong></span> <span class='ocrx_word' id='word_1_84' title='bbox 849 1061 951 1114; x_wconf 88' lang='lat' dir='ltr'><strong>sed</strong></span> <span class='ocrx_word' id='word_1_85' title='bbox 983 1071 1283 1128; x_wconf 79' lang='lat' dir='ltr'><strong>proxumus</strong></span> <span class='ocrx_word' id='word_1_86' title='bbox 1317 1061 1621 1131; x_wconf 62' lang='lat' dir='ltr'><strong>inter-vanc,</strong></span> <span class='ocrx_word' id='word_1_87' title='bbox 1774 1076 1857 1117; x_wconf 73' lang='lat'><strong>32⁰</strong></span> 
     </span>
     <span class='ocr_line' id='line_1_15' title="bbox 138 1137 1643 1206; baseline 0.001 -16"><span class='ocrx_word' id='word_1_88' title='bbox 138 1137 456 1206; x_wconf 82' lang='lat' dir='ltr'><strong>Insequitur</strong></span> <span class='ocrx_word' id='word_1_89' title='bbox 475 1137 705 1202; x_wconf 82' lang='lat' dir='ltr'><strong>.Salius;</strong></span> <span class='ocrx_word' id='word_1_90' title='bbox 744 1138 923 1205; x_wconf 87' lang='lat' dir='ltr'><strong>spatio</strong></span> <span class='ocrx_word' id='word_1_91' title='bbox 957 1141 1087 1205; x_wconf 89' lang='lat' dir='ltr'><strong>post</strong></span> <span class='ocrx_word' id='word_1_92' title='bbox 1121 1137 1325 1191; x_wconf 87' lang='lat' dir='ltr'><strong>deinde</strong></span> <span class='ocrx_word' id='word_1_93' title='bbox 1355 1137 1551 1192; x_wconf 86' lang='lat' dir='ltr'><strong>relicto</strong></span> <span class='ocrx_word' id='word_1_94' title='bbox 1636 1157 1643 1164; x_wconf 85' lang='lat'><strong>·</strong></span> 
     </span>
     <span class='ocr_line' id='line_1_16' title="bbox 136 1213 1533 1286; baseline 0.001 -20"><span class='ocrx_word' id='word_1_95' title='bbox 136 1213 352 1268; x_wconf 85' lang='lat' dir='ltr'><strong>Tertius</strong></span> <span class='ocrx_word' id='word_1_96' title='bbox 390 1213 686 1281; x_wconf 79' lang='lat' dir='ltr'><strong>Euryalus3</strong></span> <span class='ocrx_word' id='word_1_97' title='bbox 1526 1283 1533 1286; x_wconf 30' lang='grc'><strong>,</strong></span> 
     </span>
     <span class='ocr_line' id='line_1_17' title="bbox 134 1289 1786 1359; baseline 0.002 -16"><span class='ocrx_word' id='word_1_98' title='bbox 134 1289 536 1359; x_wconf 79' lang='lat' dir='ltr'><strong>Euryalumque</strong></span> <span class='ocrx_word' id='word_1_99' title='bbox 562 1290 831 1358; x_wconf 85' lang='lat' dir='ltr'><strong>Helymus</strong></span> <span class='ocrx_word' id='word_1_100' title='bbox 855 1290 1138 1359; x_wconf 66' lang='lat' dir='ltr'><strong>sequitui-3</strong></span> <span class='ocrx_word' id='word_1_101' title='bbox 1177 1307 1288 1359; x_wconf 89' lang='lat' dir='ltr'><strong>quo</strong></span> <span class='ocrx_word' id='word_1_102' title='bbox 1312 1291 1515 1345; x_wconf 87' lang='lat' dir='ltr'><strong>deinde</strong></span> <span class='ocrx_word' id='word_1_103' title='bbox 1540 1290 1644 1345; x_wconf 86' lang='lat' dir='ltr'><strong>sub</strong></span> <span class='ocrx_word' id='word_1_104' title='bbox 1665 1291 1786 1359; x_wconf 83' lang='lat' dir='ltr'><strong>ipso</strong></span> 
     </span>
     <span class='ocr_line' id='line_1_18' title="bbox 131 1365 1545 1436; baseline 0 -16"><span class='ocrx_word' id='word_1_105' title='bbox 131 1365 272 1420; x_wconf 86' lang='lat' dir='ltr'><strong>Ecce</strong></span> <span class='ocrx_word' id='word_1_106' title='bbox 305 1366 453 1419; x_wconf 87' lang='lat' dir='ltr'><strong>volat</strong></span> <span class='ocrx_word' id='word_1_107' title='bbox 487 1365 802 1434; x_wconf 81' lang='lat' dir='ltr'><strong>calcemque</strong></span> <span class='ocrx_word' id='word_1_108' title='bbox 836 1366 972 1421; x_wconf 87' lang='lat' dir='ltr'><strong>terit</strong></span> <span class='ocrx_word' id='word_1_109' title='bbox 1005 1368 1115 1420; x_wconf 89' lang='lat' dir='ltr'><strong>iam</strong></span> <span class='ocrx_word' id='word_1_110' title='bbox 1150 1367 1300 1421; x_wconf 86' lang='lat' dir='ltr'><strong>calce</strong></span> <span class='ocrx_word' id='word_1_111' title='bbox 1336 1367 1545 1436; x_wconf 86' lang='lat' dir='ltr'><strong>Diores,</strong></span> 
     </span>
     <span class='ocr_line' id='line_1_19' title="bbox 133 1441 1855 1512; baseline 0.002 -18"><span class='ocrx_word' id='word_1_112' title='bbox 133 1442 463 1497; x_wconf 87' lang='lat' dir='ltr'><strong>Incumbens</strong></span> <span class='ocrx_word' id='word_1_113' title='bbox 497 1441 756 1508; x_wconf 92' lang='lat' dir='ltr'><strong>humero;</strong></span> <span class='ocrx_word' id='word_1_114' title='bbox 797 1443 976 1511; x_wconf 86' lang='lat' dir='ltr'><strong>spatia</strong></span> <span class='ocrx_word' id='word_1_115' title='bbox 1009 1447 1068 1497; x_wconf 88' lang='lat' dir='ltr'><strong>et</strong></span> <span class='ocrx_word' id='word_1_116' title='bbox 1106 1443 1151 1496; x_wconf 86' lang='lat' dir='ltr'><strong>si</strong></span> <span class='ocrx_word' id='word_1_117' title='bbox 1186 1443 1346 1511; x_wconf 88' lang='lat' dir='ltr'><strong>plura</strong></span> <span class='ocrx_word' id='word_1_118' title='bbox 1380 1445 1675 1512; x_wconf 87' lang='lat' dir='ltr'><strong>supersint,</strong></span> <span class='ocrx_word' id='word_1_119' title='bbox 1749 1457 1855 1498; x_wconf 60' lang='lat' dir='ltr'><strong>&#39;az</strong></span> 
     </span>
     <span class='ocr_line' id='line_1_20' title="bbox 134 1518 1604 1588; baseline 0.001 -16"><span class='ocrx_word' id='word_1_120' title='bbox 134 1519 398 1573; x_wconf 83' lang='lat' dir='ltr'><strong>Transeat</strong></span> <span class='ocrx_word' id='word_1_121' title='bbox 435 1519 654 1588; x_wconf 85' lang='lat' dir='ltr'><strong>clapsus</strong></span> <span class='ocrx_word' id='word_1_122' title='bbox 688 1518 856 1588; x_wconf 86' lang='lat' dir='ltr'><strong>prior,</strong></span> <span class='ocrx_word' id='word_1_123' title='bbox 891 1519 1279 1587; x_wconf 81' lang='lat' dir='ltr'><strong>ambiguumve</strong></span> <span class='ocrx_word' id='word_1_124' title='bbox 1314 1520 1604 1588; x_wconf 80' lang='lat' dir='ltr'><strong>relinquat.</strong></span> 
     </span>
     <span class='ocr_line' id='line_1_21' title="bbox 135 1595 1643 1665; baseline 0.001 -17"><span class='ocrx_word' id='word_1_125' title='bbox 135 1596 363 1665; x_wconf 88' lang='lat' dir='ltr'><strong>Iamque</strong></span> <span class='ocrx_word' id='word_1_126' title='bbox 397 1595 514 1649; x_wconf 84' lang='lat' dir='ltr'><strong>fere</strong></span> <span class='ocrx_word' id='word_1_127' title='bbox 551 1595 728 1664; x_wconf 86' lang='lat' dir='ltr'><strong>spatio</strong></span> <span class='ocrx_word' id='word_1_128' title='bbox 763 1599 1012 1649; x_wconf 83' lang='lat' dir='ltr'><strong>extremo</strong></span> <span class='ocrx_word' id='word_1_129' title='bbox 1048 1595 1291 1665; x_wconf 83' lang='lat' dir='ltr'><strong>fessique</strong></span> <span class='ocrx_word' id='word_1_130' title='bbox 1326 1596 1429 1650; x_wconf 90' lang='lat' dir='ltr'><strong>sub</strong></span> <span class='ocrx_word' id='word_1_131' title='bbox 1465 1596 1643 1664; x_wconf 86' lang='lat' dir='ltr'><strong>ipsam</strong></span> 
     </span>
     <span class='ocr_line' id='line_1_22' title="bbox 133 1671 1552 1741; baseline 0.001 -16"><span class='ocrx_word' id='word_1_132' title='bbox 133 1671 324 1727; x_wconf 84' lang='lat' dir='ltr'><strong>Finem</strong></span> <span class='ocrx_word' id='word_1_133' title='bbox 359 1671 748 1740; x_wconf 77' lang='lat' dir='ltr'><strong>adventabant,</strong></span> <span class='ocrx_word' id='word_1_134' title='bbox 784 1672 890 1727; x_wconf 87' lang='lat' dir='ltr'><strong>levi</strong></span> <span class='ocrx_word' id='word_1_135' title='bbox 925 1687 1048 1727; x_wconf 91' lang='lat' dir='ltr'><strong>cum</strong></span> <span class='ocrx_word' id='word_1_136' title='bbox 1086 1673 1347 1741; x_wconf 83' lang='lat' dir='ltr'><strong>sanguine</strong></span> <span class='ocrx_word' id='word_1_137' title='bbox 1384 1671 1552 1727; x_wconf 86' lang='lat' dir='ltr'><strong>Nisus</strong></span> 
     </span>
    </p>

    <p class='ocr_par' dir='ltr' id='par_1_10' title="bbox 133 1748 1363 1816">
     <span class='ocr_line' id='line_1_23' title="bbox 133 1748 1363 1816; baseline 0.001 -14"><span class='ocrx_word' id='word_1_138' title='bbox 133 1748 364 1803; x_wconf 80' lang='lat' dir='ltr'><strong>Labitur</strong></span> <span class='ocrx_word' id='word_1_139' title='bbox 396 1749 601 1816; x_wconf 83' lang='lat' dir='ltr'><strong>infelix,</strong></span> <span class='ocrx_word' id='word_1_140' title='bbox 637 1749 812 1803; x_wconf 83' lang='lat' dir='ltr'><strong>caesis</strong></span> <span class='ocrx_word' id='word_1_141' title='bbox 845 1752 910 1803; x_wconf 89' lang='lat' dir='ltr'><strong>ut</strong></span> <span class='ocrx_word' id='word_1_142' title='bbox 938 1750 1089 1803; x_wconf 90' lang='lat' dir='ltr'><strong>forte</strong></span> <span class='ocrx_word' id='word_1_143' title='bbox 1124 1750 1363 1803; x_wconf 85' lang='lat' dir='ltr'><strong>iuvencis</strong></span> 
     </span>
    </p>

    <p class='ocr_par' dir='ltr' id='par_1_11' title="bbox 133 1824 1857 1971">
     <span class='ocr_line' id='line_1_24' title="bbox 133 1824 1857 1894; baseline 0.003 -16"><span class='ocrx_word' id='word_1_144' title='bbox 133 1824 312 1879; x_wconf 88' lang='lat' dir='ltr'><strong>Fusus</strong></span> <span class='ocrx_word' id='word_1_145' title='bbox 334 1825 559 1879; x_wconf 88' lang='lat' dir='ltr'><strong>humum</strong></span> <span class='ocrx_word' id='word_1_146' title='bbox 581 1824 880 1894; x_wconf 85' lang='lat' dir='ltr'><strong>viridisque</strong></span> <span class='ocrx_word' id='word_1_147' title='bbox 905 1840 1069 1894; x_wconf 88' lang='lat' dir='ltr'><strong>super</strong></span> <span class='ocrx_word' id='word_1_148' title='bbox 1092 1825 1460 1880; x_wconf 84' lang='lat' dir='ltr'><strong>madefecerat</strong></span> <span class='ocrx_word' id='word_1_149' title='bbox 1480 1825 1697 1881; x_wconf 84' lang='lat' dir='ltr'><strong>herbas.</strong></span> <span class='ocrx_word' id='word_1_150' title='bbox 1776 1840 1857 1883; x_wconf 69' lang='lat'><strong>8³0</strong></span> 
     </span>
     <span class='ocr_line' id='line_1_25' title="bbox 134 1901 1537 1971; baseline 0.001 -17"><span class='ocrx_word' id='word_1_151' title='bbox 134 1902 242 1955; x_wconf 88' lang='lat' dir='ltr'><strong>Hic</strong></span> <span class='ocrx_word' id='word_1_152' title='bbox 276 1901 485 1955; x_wconf 85' lang='lat' dir='ltr'><strong>iuvenis</strong></span> <span class='ocrx_word' id='word_1_153' title='bbox 520 1902 629 1954; x_wconf 87' lang='lat' dir='ltr'><strong>iam</strong></span> <span class='ocrx_word' id='word_1_154' title='bbox 665 1901 841 1955; x_wconf 80' lang='lat' dir='ltr'><strong>victor</strong></span> <span class='ocrx_word' id='word_1_155' title='bbox 877 1916 1046 1956; x_wconf 83' lang='lat' dir='ltr'><strong>ovans</strong></span> <span class='ocrx_word' id='word_1_156' title='bbox 1081 1902 1315 1969; x_wconf 79' lang='lat' dir='ltr'><strong>vestigia</strong></span> <span class='ocrx_word' id='word_1_157' title='bbox 1346 1918 1537 1971; x_wconf 86' lang='lat' dir='ltr'><strong>presso</strong></span> 
     </span>
    </p>

    <p class='ocr_par' dir='ltr' id='par_1_12' title="bbox 133 1976 1597 2123">
     <span class='ocr_line' id='line_1_26' title="bbox 134 1976 1579 2047; baseline 0 -16"><span class='ocrx_word' id='word_1_158' title='bbox 134 1977 302 2031; x_wconf 86' lang='lat' dir='ltr'><strong>Haud</strong></span> <span class='ocrx_word' id='word_1_159' title='bbox 337 1978 516 2032; x_wconf 89' lang='lat' dir='ltr'><strong>tenuit</strong></span> <span class='ocrx_word' id='word_1_160' title='bbox 549 1976 791 2032; x_wconf 85' lang='lat' dir='ltr'><strong>titubata</strong></span> <span class='ocrx_word' id='word_1_161' title='bbox 827 1978 956 2047; x_wconf 87' lang='lat' dir='ltr'><strong>solo,</strong></span> <span class='ocrx_word' id='word_1_162' title='bbox 995 1978 1097 2032; x_wconf 90' lang='lat' dir='ltr'><strong>sed</strong></span> <span class='ocrx_word' id='word_1_163' title='bbox 1131 1993 1337 2047; x_wconf 89' lang='lat' dir='ltr'><strong>pronus</strong></span> <span class='ocrx_word' id='word_1_164' title='bbox 1370 1977 1427 2031; x_wconf 89' lang='lat' dir='ltr'><strong>in</strong></span> <span class='ocrx_word' id='word_1_165' title='bbox 1460 1979 1579 2046; x_wconf 84' lang='lat' dir='ltr'><strong>ipso</strong></span> 
     </span>
     <span class='ocr_line' id='line_1_27' title="bbox 133 2053 1597 2123; baseline 0 -15"><span class='ocrx_word' id='word_1_166' title='bbox 133 2053 384 2109; x_wconf 86' lang='lat' dir='ltr'><strong>Concidit</strong></span> <span class='ocrx_word' id='word_1_167' title='bbox 416 2054 787 2123; x_wconf 88' lang='lat' dir='ltr'><strong>inmundoque</strong></span> <span class='ocrx_word' id='word_1_168' title='bbox 819 2054 951 2107; x_wconf 89' lang='lat' dir='ltr'><strong>fimo</strong></span> <span class='ocrx_word' id='word_1_169' title='bbox 987 2070 1250 2123; x_wconf 71' lang='lat' dir='ltr'><strong>sacroque</strong></span> <span class='ocrx_word' id='word_1_170' title='bbox 1282 2056 1492 2108; x_wconf 81' lang='lat' dir='ltr'><strong>cruore.</strong></span> <span class='ocrx_word' id='word_1_171' title='bbox 1592 2082 1597 2086; x_wconf 91' lang='lat'><strong>·</strong></span> 
     </span>
    </p>

    <p class='ocr_par' dir='ltr' id='par_1_13' title="bbox 130 2130 1575 2199">
     <span class='ocr_line' id='line_1_28' title="bbox 130 2130 1575 2199; baseline 0.001 -16"><span class='ocrx_word' id='word_1_172' title='bbox 130 2130 257 2184; x_wconf 86' lang='lat' dir='ltr'><strong>Non</strong></span> <span class='ocrx_word' id='word_1_173' title='bbox 293 2132 478 2184; x_wconf 86' lang='lat' dir='ltr'><strong>tamen</strong></span> <span class='ocrx_word' id='word_1_174' title='bbox 515 2130 750 2199; x_wconf 85' lang='lat' dir='ltr'><strong>Euryali,</strong></span> <span class='ocrx_word' id='word_1_175' title='bbox 785 2147 893 2184; x_wconf 91' lang='lat' dir='ltr'><strong>non</strong></span> <span class='ocrx_word' id='word_1_176' title='bbox 927 2131 1020 2184; x_wconf 92' lang='lat' dir='ltr'><strong>ille</strong></span> <span class='ocrx_word' id='word_1_177' title='bbox 1056 2131 1261 2185; x_wconf 88' lang='lat' dir='ltr'><strong>oblitus</strong></span> <span class='ocrx_word' id='word_1_178' title='bbox 1296 2130 1575 2197; x_wconf 82' lang='lat' dir='ltr'><strong>amorum3</strong></span> 
     </span>
    </p>

    <p class='ocr_par' dir='ltr' id='par_1_14' title="bbox 130 2206 1851 2353">
     <span class='ocr_line' id='line_1_29' title="bbox 130 2206 1851 2276; baseline 0.002 -17"><span class='ocrx_word' id='word_1_179' title='bbox 130 2206 274 2261; x_wconf 85' lang='lat' dir='ltr'><strong>Nam</strong></span> <span class='ocrx_word' id='word_1_180' title='bbox 312 2223 432 2261; x_wconf 86' lang='lat' dir='ltr'><strong>sese</strong></span> <span class='ocrx_word' id='word_1_181' title='bbox 467 2208 722 2276; x_wconf 89' lang='lat' dir='ltr'><strong>opposuit</strong></span> <span class='ocrx_word' id='word_1_182' title='bbox 759 2206 904 2261; x_wconf 85' lang='lat' dir='ltr'><strong>Salio</strong></span> <span class='ocrx_word' id='word_1_183' title='bbox 940 2224 1040 2276; x_wconf 90' lang='lat' dir='ltr'><strong>per</strong></span> <span class='ocrx_word' id='word_1_184' title='bbox 1074 2206 1285 2261; x_wconf 89' lang='lat' dir='ltr'><strong>lubrica</strong></span> <span class='ocrx_word' id='word_1_185' title='bbox 1320 2222 1581 2275; x_wconf 75' lang='lat' dir='ltr'><strong>surgens:</strong></span> <span class='ocrx_word' id='word_1_186' title='bbox 1776 2220 1851 2263; x_wconf 74' lang='lat'><strong>8³5</strong></span> 
     </span>
     <span class='ocr_line' id='line_1_30' title="bbox 131 2283 1403 2353; baseline 0.002 -18"><span class='ocrx_word' id='word_1_187' title='bbox 131 2283 236 2337; x_wconf 91' lang='lat' dir='ltr'><strong>Ille</strong></span> <span class='ocrx_word' id='word_1_188' title='bbox 270 2287 456 2338; x_wconf 86' lang='lat' dir='ltr'><strong>autem</strong></span> <span class='ocrx_word' id='word_1_189' title='bbox 493 2284 666 2353; x_wconf 85' lang='lat' dir='ltr'><strong>spissa</strong></span> <span class='ocrx_word' id='word_1_190' title='bbox 700 2284 869 2337; x_wconf 85' lang='lat' dir='ltr'><strong>iacuit</strong></span> <span class='ocrx_word' id='word_1_191' title='bbox 902 2283 1187 2337; x_wconf 82' lang='lat' dir='ltr'><strong>revolutus</strong></span> <span class='ocrx_word' id='word_1_192' title='bbox 1222 2300 1403 2338; x_wconf 87' lang='lat' dir='ltr'><strong>arena.</strong></span> 
     </span>
    </p>

    <p class='ocr_par' dir='ltr' id='par_1_15' title="bbox 130 2359 1423 2428">
     <span class='ocr_line' id='line_1_31' title="bbox 130 2359 1423 2428; baseline 0 -15"><span class='ocrx_word' id='word_1_193' title='bbox 130 2359 343 2413; x_wconf 82' lang='lat' dir='ltr'><strong>Emicat</strong></span> <span class='ocrx_word' id='word_1_194' title='bbox 378 2359 656 2428; x_wconf 84' lang='lat' dir='ltr'><strong>Euryalus,</strong></span> <span class='ocrx_word' id='word_1_195' title='bbox 691 2362 751 2413; x_wconf 87' lang='lat' dir='ltr'><strong>et</strong></span> <span class='ocrx_word' id='word_1_196' title='bbox 786 2376 1014 2413; x_wconf 90' lang='lat' dir='ltr'><strong>munere</strong></span> <span class='ocrx_word' id='word_1_197' title='bbox 1051 2360 1228 2414; x_wconf 77' lang='lat' dir='ltr'><strong>victor</strong></span> <span class='ocrx_word' id='word_1_198' title='bbox 1262 2360 1423 2413; x_wconf 85' lang='lat' dir='ltr'><strong>amici</strong></span> 
     </span>
    </p>

    <p class='ocr_par' dir='ltr' id='par_1_16' title="bbox 131 2435 1847 2810">
     <span class='ocr_line' id='line_1_32' title="bbox 132 2435 1709 2505; baseline 0.003 -18"><span class='ocrx_word' id='word_1_199' title='bbox 132 2435 316 2490; x_wconf 85' lang='lat' dir='ltr'><strong>Prima</strong></span> <span class='ocrx_word' id='word_1_200' title='bbox 349 2438 520 2503; x_wconf 90' lang='lat' dir='ltr'><strong>tenet,</strong></span> <span class='ocrx_word' id='word_1_201' title='bbox 557 2436 861 2505; x_wconf 86' lang='lat' dir='ltr'><strong>plausuque</strong></span> <span class='ocrx_word' id='word_1_202' title='bbox 895 2436 1046 2490; x_wconf 84' lang='lat' dir='ltr'><strong>volat</strong></span> <span class='ocrx_word' id='word_1_203' title='bbox 1080 2436 1417 2505; x_wconf 87' lang='lat' dir='ltr'><strong>fremituque</strong></span> <span class='ocrx_word' id='word_1_204' title='bbox 1451 2436 1709 2491; x_wconf 82' lang='lat' dir='ltr'><strong>secundo,</strong></span> 
     </span>
     <span class='ocr_line' id='line_1_33' title="bbox 134 2511 1715 2582; baseline 0.002 -17"><span class='ocrx_word' id='word_1_205' title='bbox 134 2513 266 2567; x_wconf 88' lang='lat' dir='ltr'><strong>Post</strong></span> <span class='ocrx_word' id='word_1_206' title='bbox 303 2512 570 2582; x_wconf 86' lang='lat' dir='ltr'><strong>Helymus</strong></span> <span class='ocrx_word' id='word_1_207' title='bbox 607 2511 770 2580; x_wconf 89' lang='lat' dir='ltr'><strong>subit,</strong></span> <span class='ocrx_word' id='word_1_208' title='bbox 807 2516 867 2567; x_wconf 85' lang='lat' dir='ltr'><strong>et</strong></span> <span class='ocrx_word' id='word_1_209' title='bbox 902 2528 1046 2567; x_wconf 90' lang='lat' dir='ltr'><strong>nunc</strong></span> <span class='ocrx_word' id='word_1_210' title='bbox 1083 2513 1252 2567; x_wconf 87' lang='lat' dir='ltr'><strong>tertia</strong></span> <span class='ocrx_word' id='word_1_211' title='bbox 1286 2512 1469 2581; x_wconf 83' lang='lat' dir='ltr'><strong>palma</strong></span> <span class='ocrx_word' id='word_1_212' title='bbox 1504 2512 1715 2568; x_wconf 86' lang='lat' dir='ltr'><strong>Diores.</strong></span> 
     </span>
     <span class='ocr_line' id='line_1_34' title="bbox 135 2590 1847 2657; baseline -0.001 -15"><span class='ocrx_word' id='word_1_213' title='bbox 135 2590 241 2643; x_wconf 87' lang='lat' dir='ltr'><strong>Hic</strong></span> <span class='ocrx_word' id='word_1_214' title='bbox 275 2592 456 2643; x_wconf 89' lang='lat' dir='ltr'><strong>totum</strong></span> <span class='ocrx_word' id='word_1_215' title='bbox 491 2606 689 2644; x_wconf 84' lang='lat' dir='ltr'><strong>caveae</strong></span> <span class='ocrx_word' id='word_1_216' title='bbox 723 2606 1038 2644; x_wconf 86' lang='lat' dir='ltr'><strong>consessum</strong></span> <span class='ocrx_word' id='word_1_217' title='bbox 1071 2590 1313 2657; x_wconf 87' lang='lat' dir='ltr'><strong>ingentis</strong></span> <span class='ocrx_word' id='word_1_218' title='bbox 1348 2593 1407 2643; x_wconf 90' lang='lat' dir='ltr'><strong>et</strong></span> <span class='ocrx_word' id='word_1_219' title='bbox 1442 2604 1540 2642; x_wconf 83' lang='lat' dir='ltr'><strong>ora</strong></span> <span class='ocrx_word' id='word_1_220' title='bbox 1776 2601 1847 2642; x_wconf 72' lang='lat' dir='ltr'><strong><em>w</em></strong></span> 
     </span>
     <span class='ocr_line' id='line_1_35' title="bbox 131 2664 1633 2734; baseline 0.002 -18"><span class='ocrx_word' id='word_1_221' title='bbox 131 2664 318 2717; x_wconf 90' lang='lat' dir='ltr'><strong>Prima</strong></span> <span class='ocrx_word' id='word_1_222' title='bbox 351 2669 571 2732; x_wconf 85' lang='lat' dir='ltr'><strong>patrum</strong></span> <span class='ocrx_word' id='word_1_223' title='bbox 609 2666 822 2734; x_wconf 83' lang='lat' dir='ltr'><strong>maguis</strong></span> <span class='ocrx_word' id='word_1_224' title='bbox 859 2666 1039 2719; x_wconf 85' lang='lat' dir='ltr'><strong>Salius</strong></span> <span class='ocrx_word' id='word_1_225' title='bbox 1077 2665 1405 2720; x_wconf 87' lang='lat' dir='ltr'><strong>clamoribus</strong></span> <span class='ocrx_word' id='word_1_226' title='bbox 1438 2665 1633 2734; x_wconf 86' lang='lat' dir='ltr'><strong>inplet,</strong></span> 
     </span>
     <span class='ocr_line' id='line_1_36' title="bbox 132 2740 1539 2810; baseline 0.002 -19"><span class='ocrx_word' id='word_1_227' title='bbox 132 2740 506 2806; x_wconf 89' lang='lat' dir='ltr'><strong>Ereptumque</strong></span> <span class='ocrx_word' id='word_1_228' title='bbox 543 2741 668 2794; x_wconf 88' lang='lat' dir='ltr'><strong>dolo</strong></span> <span class='ocrx_word' id='word_1_229' title='bbox 705 2741 867 2795; x_wconf 87' lang='lat' dir='ltr'><strong>reddi</strong></span> <span class='ocrx_word' id='word_1_230' title='bbox 903 2740 1010 2795; x_wconf 87' lang='lat' dir='ltr'><strong>sibi</strong></span> <span class='ocrx_word' id='word_1_231' title='bbox 1043 2743 1224 2810; x_wconf 89' lang='lat' dir='ltr'><strong>poscit</strong></span> <span class='ocrx_word' id='word_1_232' title='bbox 1258 2742 1539 2795; x_wconf 87' lang='lat' dir='ltr'><strong>honorem.</strong></span> 
     </span>
    </p>

    <p class='ocr_par' dir='ltr' id='par_1_17' title="bbox 131 2814 1592 2907">
     <span class='ocr_line' id='line_1_37' title="bbox 131 2814 1592 2907; baseline 0.004 -42"><span class='ocrx_word' id='word_1_233' title='bbox 131 2814 368 2866; x_wconf 87' lang='lat' dir='ltr'><strong>Tutatur</strong></span> <span class='ocrx_word' id='word_1_234' title='bbox 402 2814 554 2867; x_wconf 82' lang='lat' dir='ltr'><strong>favor</strong></span> <span class='ocrx_word' id='word_1_235' title='bbox 591 2817 902 2905; x_wconf 81' lang='lat' dir='ltr'><strong>Euryalum,</strong></span> <span class='ocrx_word' id='word_1_236' title='bbox 939 2817 1309 2907; x_wconf 77' lang='lat' dir='ltr'><strong>lacrimaeque</strong></span> <span class='ocrx_word' id='word_1_237' title='bbox 1346 2817 1592 2885; x_wconf 82' lang='lat' dir='ltr'><strong>decorae,</strong></span> 
     </span>
    </p>

    <p class='ocr_par' dir='ltr' id='par_1_18' title="bbox 133 2888 1547 2963">
     <span class='ocr_line' id='line_1_38' title="bbox 133 2888 1547 2963; baseline 0.004 -23"><span class='ocrx_word' id='word_1_238' title='bbox 133 2888 354 2940; x_wconf 87' lang='lat' dir='ltr'><strong>Gratior</strong></span> <span class='ocrx_word' id='word_1_239' title='bbox 391 2892 448 2939; x_wconf 90' lang='lat' dir='ltr'><strong>et</strong></span> <span class='ocrx_word' id='word_1_240' title='bbox 484 2889 708 2955; x_wconf 88' lang='lat' dir='ltr'><strong>pulchro</strong></span> <span class='ocrx_word' id='word_1_241' title='bbox 743 2894 966 2947; x_wconf 79' lang='lat' dir='ltr'><strong>veniens</strong></span> <span class='ocrx_word' id='word_1_242' title='bbox 1000 2894 1058 2946; x_wconf 92' lang='lat' dir='ltr'><strong>in</strong></span> <span class='ocrx_word' id='word_1_243' title='bbox 1094 2910 1322 2963; x_wconf 84' lang='lat' dir='ltr'><strong>corpore</strong></span> <span class='ocrx_word' id='word_1_244' title='bbox 1360 2894 1547 2947; x_wconf 80' lang='lat' dir='ltr'><strong>virtus.</strong></span> 
     </span>
    </p>

    <p class='ocr_par' dir='ltr' id='par_1_19' title="bbox 131 2961 1852 3177">
     <span class='ocr_line' id='line_1_39' title="bbox 134 2961 1852 3036; baseline 0.005 -22"><span class='ocrx_word' id='word_1_245' title='bbox 134 2961 382 3014; x_wconf 85' lang='lat' dir='ltr'><strong>Adiuvat</strong></span> <span class='ocrx_word' id='word_1_246' title='bbox 417 2964 474 3014; x_wconf 89' lang='lat' dir='ltr'><strong>et</strong></span> <span class='ocrx_word' id='word_1_247' title='bbox 509 2978 706 3030; x_wconf 78' lang='lat' dir='ltr'><strong>magna</strong></span> <span class='ocrx_word' id='word_1_248' title='bbox 739 2968 1038 3033; x_wconf 85' lang='lat' dir='ltr'><strong>proclamat</strong></span> <span class='ocrx_word' id='word_1_249' title='bbox 1072 2984 1207 3023; x_wconf 84' lang='lat' dir='ltr'><strong>voce</strong></span> <span class='ocrx_word' id='word_1_250' title='bbox 1242 2970 1452 3036; x_wconf 87' lang='lat' dir='ltr'><strong>Diores,</strong></span> <span class='ocrx_word' id='word_1_251' title='bbox 1778 2980 1852 3023; x_wconf 65' lang='lat' dir='ltr'><strong>³ss</strong></span> 
     </span>
     <span class='ocr_line' id='line_1_40' title="bbox 134 3033 1632 3115; baseline 0.007 -28"><span class='ocrx_word' id='word_1_252' title='bbox 134 3034 241 3098; x_wconf 84' lang='lat' dir='ltr'><strong>Qui</strong></span> <span class='ocrx_word' id='word_1_253' title='bbox 276 3033 443 3088; x_wconf 86' lang='lat' dir='ltr'><strong>subiit</strong></span> <span class='ocrx_word' id='word_1_254' title='bbox 477 3037 704 3105; x_wconf 88' lang='lat' dir='ltr'><strong>palmae,</strong></span> <span class='ocrx_word' id='word_1_255' title='bbox 743 3042 1057 3111; x_wconf 72' lang='lat' dir='ltr'><strong>frustraque</strong></span> <span class='ocrx_word' id='word_1_256' title='bbox 1092 3044 1167 3097; x_wconf 76' lang='lat' dir='ltr'><strong>ad</strong></span> <span class='ocrx_word' id='word_1_257' title='bbox 1200 3044 1445 3115; x_wconf 80' lang='lat' dir='ltr'><strong>praemia</strong></span> <span class='ocrx_word' id='word_1_258' title='bbox 1478 3043 1632 3098; x_wconf 79' lang='lat' dir='ltr'><strong>venit</strong></span> 
     </span>
     <span class='ocr_line' id='line_1_41' title="bbox 131 3108 1641 3177; baseline 0.013 -17"><span class='ocrx_word' id='word_1_259' title='bbox 131 3108 361 3173; x_wconf 77' lang='lat' dir='ltr'><strong>Ultima,</strong></span> <span class='ocrx_word' id='word_1_260' title='bbox 397 3109 443 3162; x_wconf 84' lang='lat' dir='ltr'><strong>si</strong></span> <span class='ocrx_word' id='word_1_261' title='bbox 477 3111 639 3177; x_wconf 84' lang='lat' dir='ltr'><strong>primi</strong></span> <span class='ocrx_word' id='word_1_262' title='bbox 660 3114 820 3170; x_wconf 78' lang='lat' dir='ltr'><strong>Salio</strong></span> <span class='ocrx_word' id='word_1_263' title='bbox 853 3117 1167 3175; x_wconf 85' lang='lat' dir='ltr'><strong>reddantur</strong></span> <span class='ocrx_word' id='word_1_264' title='bbox 1197 3120 1445 3175; x_wconf 73' lang='lat' dir='ltr'><strong>honores·-</strong></span> <span class='ocrx_word' id='word_1_265' title='bbox 1634 3162 1641 3167; x_wconf 92' lang='lat'>-</span> 
     </span>
    </p>
   </div>
   <div class='ocr_carea' id='block_1_3' title="bbox 2095 1752 2117 2519">
    <p class='ocr_par' dir='ltr' id='par_1_20' title="bbox 2095 1752 2117 2519">
     <span class='ocr_line' id='line_1_42' title="bbox 2095 1752 2117 2519; baseline 0 0"><span class='ocrx_word' id='word_1_266' title='bbox 2095 1752 2117 2519; x_wconf 95' lang='lat' dir='ltr'><strong> </strong></span> 
     </span>
    </p>
   </div>
  </div>
 </body>
</html>
