2163 3401
182 67 241 116 70
634 69 693 119 P.
732 69 1044 118 VERGILI
1084 67 1425 138 MARONIS·

180 146 344 216 Eripe
359 168 373 212 ;
408 164 516 201 non
552 149 659 203 illis
696 151 984 220 quisquam
1018 150 1400 206 cunctantibus
1436 150 1610 205 altum

178 223 270 276 Ire
306 224 414 277 iter
450 228 545 278 aut
582 225 775 279 eastris
811 226 1037 289 audebit
1072 228 1276 280 vellere
1310 227 1478 295 signa.

178 300 420 354 Invitent
456 301 658 354 croceis
692 301 937 356 halantes
971 302 1194 356 floribus
1228 302 1390 368 horti,

177 376 250 429 Et
286 380 467 430 custos
502 378 682 431 furum
719 382 885 447 atque
920 379 1100 431 avium
1137 395 1258 431 cum
1295 378 1432 431 falce
1468 376 1676 443 saligna
1817 392 1888 431 un

178 451 606 520 Hellespontiaci
642 458 825 508 servet
860 454 1036 507 tutela
1074 454 1271 522 Priapi.

178 529 307 596 Ipse
341 528 587 597 thymum
622 530 889 598 pinosque
924 530 1106 583 ferens
1143 530 1214 583 de
1249 530 1528 584 montibus
1561 528 1688 583 altis

177 604 343 658 Tecta
380 608 529 659 serat
563 605 676 659 late
710 606 929 673 circum,
964 606 1049 659 cui
1085 606 1218 659 talia
1251 623 1442 671 curae;

178 680 307 750 Ipse
343 681 530 735 labore
565 699 784 735 manum
822 681 960 735 duro
995 686 1160 748 terat,
1195 682 1312 750 ipse
1347 683 1541 735 feracis

177 757 339 826 Figat
375 758 537 811 humo
572 758 787 827 plantas
823 761 882 811 et
916 758 1116 811 amicos
1150 758 1354 825 inriget
1387 757 1594 811 imbris.
1815 772 1884 811 115

246 833 435 901 Atque
470 834 742 903 equidem,
778 838 1025 887 extremo
1059 834 1116 886 ni
1154 834 1261 887 iam
1297 832 1399 886 sub
1433 832 1541 885 fine
1576 831 1825 887 laborum

177 907 318 963 Vela
354 910 565 963 traham
602 914 660 963 et
696 910 861 963 terris
896 909 1148 963 festinem
1183 909 1474 963 advertere
1509 924 1744 976 proram,

178 984 429 1039 Forsitan
464 990 537 1052 et,
574 986 789 1055 pinguis
824 986 1011 1039 hortos
1046 1002 1189 1055 quae
1223 1002 1354 1039 cura
1387 982 1600 1037 colendi

178 1060 427 1125 Ornaret,
465 1078 728 1124 canerem,
764 1061 1034 1131 biferique
1070 1062 1276 1115 rosaria
1314 1060 1512 1128 Paesti,

178 1136 405 1204 Quoque
441 1136 603 1190 modo
637 1138 783 1205 potis
817 1138 1123 1204 gauderent
1158 1138 1331 1191 intiba
1363 1137 1492 1190 rivis
1815 1150 1886 1189 120

180 1213 251 1265 Et
286 1212 491 1265 virides
527 1214 648 1281 apio
684 1213 849 1283 ripae,
888 1216 1180 1282 tortusque
1215 1230 1314 1281 per
1348 1212 1570 1267 herbam

178 1289 462 1343 Cresceret
498 1289 555 1341 in
593 1292 839 1341 ventrem
877 1290 1146 1355 cucumis;
1181 1306 1280 1344 nec
1315 1306 1437 1342 sera
1471 1290 1775 1342 comantem

177 1364 490 1417 Narcissum
527 1370 623 1420 aut
658 1364 788 1417 flexi
824 1365 1114 1418 tacuissem
1152 1367 1329 1419 vimen
1367 1364 1582 1419 acanthi

180 1440 548 1509 Pallentisque
583 1442 816 1495 hederas
852 1445 910 1495 et
946 1442 1180 1495 amantis
1215 1442 1374 1496 litora
1409 1444 1628 1510 myrtos.

176 1516 427 1585 Namque
465 1518 565 1571 sub
602 1517 859 1571 Oebaliae
893 1518 1118 1571 memini
1153 1534 1242 1572 me
1277 1517 1519 1573 turribus
1553 1515 1694 1582 altis,
1813 1528 1880 1567 121

178 1593 297 1657 Qua
331 1595 485 1662 niger
520 1594 799 1648 humectat
836 1594 1093 1647 flaventia
1127 1594 1276 1649 culta
1313 1594 1592 1660 Galaesus,

178 1669 459 1738 Corycium
497 1670 697 1725 vidisse
735 1688 935 1740 senem,
972 1671 1058 1725 cui
1097 1688 1270 1740 pauca
1306 1670 1479 1724 ielicti

179 1746 381 1814 Iugera
419 1748 561 1799 ruris
598 1752 769 1814 erant,
807 1764 909 1801 nee
946 1747 1140 1800 fertilis
1174 1747 1268 1800 illa
1303 1747 1554 1815 iuvencis,

178 1822 227 1873 N
233 1839 293 1875 ec
328 1824 509 1891 pecori
547 1828 851 1892 opportuna
886 1841 1055 1892 segeS‚
1095 1839 1194 1877 nec
1229 1823 1514 1877 commoda
1549 1822 1778 1876 Baccho-

180 1898 286 1952 IIic
320 1915 504 1952 rarum
541 1903 723 1954 tamen
758 1901 814 1953 in
850 1900 1031 1953 dumis
1066 1899 1186 1953 olus
1221 1899 1452 1968 albaque
1488 1899 1687 1952 circum
1816 1915 1888 1953 130

180 1973 313 2027 Lilia
348 1975 720 2044 verbenasque
756 1993 1008 2045 premens
1045 1992 1372 2045 vescumque
1409 1991 1660 2044 papaver,

178 2050 389 2118 Regum
426 2053 698 2120 aequabat
734 2069 865 2122 opes
901 2053 1111 2121 animis,
1149 2069 1380 2120 seraque
1416 2055 1696 2106 revertens

179 2126 351 2180 Nocte
387 2127 607 2181 domum
646 2129 878 2196 dapibus
913 2145 1130 2182 mensas
1167 2129 1431 2183 onerabat
1463 2127 1732 2198 inemptis.

180 2202 391 2257 Primus
426 2221 554 2258 vere
590 2220 769 2258 rosam
805 2209 972 2274 atque
1007 2211 1268 2260 autumno
1303 2221 1525 2272 carpere
1557 2219 1736 2272 poma,

178 2279 249 2332 Et
283 2297 405 2333 cum
444 2281 619 2334 tristis
654 2281 867 2352 hiemps
902 2283 1200 2336 etiamnum
1236 2282 1440 2350 frigore
1473 2296 1604 2334 saxa
1817 2294 1888 2333 135

178 2355 481 2424 ltumperet
516 2360 574 2410 ct
608 2356 781 2424 glacie
816 2374 1007 2411 cursus
1042 2358 1286 2411 frenaret
1323 2373 1603 2426 aquarum,

179 2431 279 2485 1110
315 2448 523 2486 comam
560 2432 738 2486 mollis
775 2434 881 2487 iam
920 2434 1188 2488 tondebat
1223 2433 1513 2502 hyacinthi,

177 2509 464 2563 Aestatem
500 2510 832 2578 increpitans
870 2527 1045 2564 seram
1085 2510 1458 2579 zephyrosque
1494 2508 1774 2563 morantis.

179 2584 320 2652 Ergo
356 2586 550 2655 apibus
586 2586 711 2641 fetis
745 2586 893 2641 idem
930 2592 1100 2655 atquc
1135 2587 1383 2640 examine
1421 2585 1596 2654 multo

179 2660 392 2714 Primus
428 2662 709 2716 abundare
748 2669 805 2716 et
842 2663 1151 2731 spumantia
1187 2679 1380 2730 eogere
1415 2660 1617 2730 pressis
1817 2673 1889 2712 14η

178 2733 343 2788 Mella
376 2738 513 2790 favis
529 2759 542 2803 ;
574 2739 653 2790 illi
690 2739 855 2794 tiliae'
881 2743 1049 2808 atque
1085 2739 1363 2792 uberrima
1396 2738 1584 2806 pinus3

177 2810 428 2878 Quotque
467 2813 524 2864 in
559 2812 692 2866 flore
730 2831 867 2868 novo
905 2815 1079 2884 pomis
1117 2831 1176 2868 se
1212 2813 1408 2868 fertilis
1444 2812 1606 2868 arbos

179 2883 457 2951 Induerat,
496 2885 729 2940 totidem
765 2893 1025 2942 autumno
1063 2895 1279 2944 matura
1314 2888 1553 2944 tenebat.

178 2957 281 3010 Ille
316 2959 480 3013 etiam
517 2977 666 3016 seras
700 2963 757 3014 in
792 2981 1007 3018 versum
1050 2967 1269 3020 distulit
1304 2966 1478 3019 ulmos

179 3030 529 3100 Eduramque
563 3035 740 3101 pirum
776 3042 835 3090 et
870 3041 1053 3106 spinos
1091 3043 1198 3096 iam
1235 3058 1407 3109 pruna
1442 3041 1672 3096 ferentis
1817 3059 1891 3097 14⁵

178 3104 406 3176 Iamque
441 3108 846 3164 ministrantem
882 3115 1163 3180 platanum
1201 3116 1516 3184 potantibus
1551 3115 1791 3172 umbras.
