2163 3401
787 85 1199 136 GEORGICON
1234 85 1369 136 LIB.
1411 89 1489 138 11.

276 173 418 240 Aut,
451 169 550 225 ubi
583 170 816 238 navigiis
851 167 1142 222 violentior
1175 166 1373 222 incidit
1407 167 1605 234 Eurus,

275 247 474 315 Nosse,
511 249 647 318 quot
685 245 826 300 Ionii
860 241 1084 300 veniant
1117 244 1192 298 ad
1223 243 1387 300 litora
1422 243 1633 300 fluetus.

350 324 402 378 N
405 339 468 378 ec
503 338 650 377 vero·
667 326 852 377 terrae
885 321 1036 376 ferre
1071 338 1260 376 omnes
1295 323 1475 376 omnia
1507 325 1751 390 possunt.

275 399 626 457 Fluminibus
662 399 854 453 salices
889 399 1198 468 crassisque
1232 399 1525 469 paludibus
1558 399 1670 453 alni

275 479 612 544 Nascuntur,
650 476 864 531 steriles
903 473 1111 530 saxosis
1148 474 1429 529 montibus
1450 477 1614 530 orni:

252 555 471 613 „Litora
504 554 756 624 myrtetis
792 553 1121 619 laetissima3
1157 551 1393 621 denique
1428 556 1647 623 apertos

274 631 528 687 Bacchus
561 634 711 685 amat
745 626 912 700 collis,
947 629 1257 700 aquilonem
1294 631 1353 682 et
1384 629 1589 698 frigora
1623 629 1755 684 taxi.

275 710 484 779 Aspice
521 712 580 764 et
614 708 876 762 extremis
912 706 1183 760 domitum
1219 705 1521 760 cultoribus
1554 705 1761 773 orbem,

273 783 530 856 ansque
565 781 756 838 domo‘s
794 783 1042 838 Arabum
1078 782 1367 852 pictosque
1402 781 1667 837 Gelonos:

274 860 499 915 Divisae
535 859 824 916 arboribus
859 860 1087 929 patriae.
1162 857 1290 912 Sola
1327 858 1489 912 India
1520 859 1739 927 nigrum

273 938 413 1006 Eert
448 938 698 1004 ebenum,
735 937 862 990 solis
899 940 986 990 est
1021 939 1184 990 turea
1216 935 1372 1004 virga
1406 935 1649 990 Sabaeis.

273 1015 421 1082 Quid
456 1014 561 1069 tibi
597 1013 828 1068 odorato
863 1012 1102 1066 referam
1138 1011 1395 1066 sudantia
1428 1011 1579 1081 ligno

270 1090 636 1162 Balsamaque
672 1093 732 1145 et
767 1089 930 1145 bacas
966 1103 1185 1158 semper
1219 1089 1527 1143 frondentis
1562 1085 1825 1144 acanthi?

273 1167 422 1234 Quid
455 1184 680 1222 nemora
720 1167 1073 1235 Aethiopum,
1114 1165 1263 1218 molli
1298 1165 1551 1219 canentia
1584 1165 1748 1220 lana?

272 1241 607 1314 'velleraque
641 1247 710 1298 ut
743 1243 884 1311 foliis
922 1242 1223 1310 depectant
1256 1241 1449 1296 tenuia
1484 1240 1679 1296 Seres?

276 1320 398 1374 Aut
433 1337 569 1390 quos
608 1320 824 1374 Oceano
859 1319 1083 1388 propior
1117 1318 1265 1388 gerit
1304 1318 1466 1372 India
1501 1318 1665 1385 lucos„

273 1395 525 1450 Extremi
561 1397 711 1450 sinus
748 1394 916 1462 orbis,
948 1391 1042 1446 ubi
1080 1411 1211 1448 aera
1244 1394 1462 1448 vincere
1498 1409 1767 1448 summum

275 1471 508 1526 Arboris
543 1471 693 1525 haud
727 1470 870 1524 ullae
907 1470 1058 1523 iactu
1092 1473 1325 1540 potuere
1362 1470 1637 1538 sagittae?

273 1547 348 1602 Et
381 1564 519 1617 gens
553 1546 648 1601 illa
685 1545 908 1616 quidem
947 1546 1179 1614 sumptis
1213 1562 1320 1599 non
1357 1545 1521 1599 tarda
1552 1545 1842 1616 pharetris.

273 1623 464 1678 Media
497 1623 609 1678 fert
644 1622 822 1676 tristis
861 1637 1019 1676 sucos
1055 1622 1388 1698 tardumque
1424 1639 1673 1696 saporem

274 1700 470 1765 Felicis
506 1699 651 1769 mali,
689 1716 798 1769 quo
833 1716 944 1758 non
978 1699 1321 1769 praesentius
1356 1699 1541 1768 ullum,

273 1778 475 1833 Pocula
509 1778 555 1833 si
593 1777 812 1847 quando
851 1792 1046 1831 saevae
1083 1776 1323 1831 infecere
1359 1794 1622 1832 novercae

272 1850 720 1924 Miscueruntque
754 1852 956 1912 herbas
991 1857 1051 1908 et
1086 1870 1193 1907 non
1229 1854 1449 1909 innoxia
1484 1854 1665 1921 verba,

274 1931 555 1986 Auxilium
591 1930 758 1998 venit,
795 1947 859 1985 ac
894 1929 1157 1985 membris
1192 1931 1310 1999 agit
1345 1935 1468 1985 atra
1502 1946 1721 1984 venena.
1781 1987 1789 1990 μ

275 2007 404 2077 Ipsa
437 2008 632 2077 ingens
665 2007 828 2061 arbos
861 2006 1165 2077 faciemque
1201 2006 1476 2061 simillima
1509 2007 1675 2073 lauro,

275 2084 360 2152 Et,
397 2084 443 2139 si
481 2101 587 2138 non
623 2084 792 2137 alium
828 2084 941 2137 late
975 2084 1207 2138 iactaret
1243 2084 1483 2151 odorem,

276 2159 487 2213 Laurus
522 2162 676 2226 erat3
707 2159 839 2213 folia
874 2159 1023 2214 haud
1058 2159 1184 2214 ullis
1220 2159 1465 2214 labentia
1498 2161 1714 2225 ventis3

274 2235 399 2290 Flos
435 2236 504 2290 ad
539 2238 720 2306 prima
756 2240 952 2302 tenax3
991 2233 1202 2294 animas
1239 2240 1298 2291 et
1334 2236 1541 2290 olentia
1578 2236 1730 2290 Medi

274 2312 384 2365 Ora
416 2313 603 2367 fovent
637 2313 729 2366 illo
746 2382 748 2385 y
767 2316 825 2370 et
861 2312 1083 2367 senibus
1098 2336 1103 2339 ·
1118 2312 1463 2368 medicantur
1496 2312 1718 2367 anhelis.

340 2388 450 2445 Sed
487 2406 664 2458 neque
702 2388 995 2443 Medorum
1031 2390 1212 2457 silvae,
1252 2390 1522 2444 ditissima
1554 2392 1721 2457 terra,

273 2462 324 2517 N
327 2480 390 2518 ec
424 2464 652 2533 pulcher
687 2465 906 2535 Ganges
941 2470 1112 2537 atque
1147 2484 1279 2521 auro
1314 2466 1567 2521 turbidus
1605 2466 1847 2521 Hermus

276 2539 552 2593 Laudibus
593 2540 618 2592 I
623 2540 787 2594 taliae
822 2547 1052 2611 certent,
1088 2559 1197 2597 non
1237 2543 1454 2608 Bactra,
1488 2557 1667 2609 neque
1706 2540 1849 2607 Indi,

273 2614 516 2685 Totaque
551 2616 797 2669 turiferis
837 2618 1108 2673 Panchaia
1140 2620 1358 2689 pinguis
1392 2618 1601 2671 arenis,-

275 2690 426 2745 Haec
461 2691 578 2745 loca
613 2706 719 2745 non
757 2693 901 2747 tauri
939 2696 1213 2763 spirantes
1251 2694 1475 2746 naribus
1508 2694 1689 2761 ignem

273 2767 556 2823 Invertere
592 2766 726 2821 satis
762 2770 994 2824 inmanis
1031 2769 1291 2825 dentibus
1324 2768 1499 2838 hydri,
1765 2764 1771 2771 ’

273 2843 318 2897 N
325 2861 387 2899 ec
421 2846 590 2915 galeis
628 2844 925 2917 densisque
961 2847 1139 2901 virum
1176 2864 1334 2916 seges
1372 2845 1583 2901 horruit
1618 2844 1825 2912 hastis3

273 2919 380 2975 Sed
413 2922 672 2990 gravidae
706 2923 891 2994 fruges
929 2928 987 2979 et
1025 2924 1224 2983 Bacchi
1236 2892 1525 2979 ‘’Massicus
1559 2922 1755 2976 humor

275 2995 590 3067 Inplevere3
625 3003 818 3055 tenent
854 3000 1006 3057 oleae
1042 3000 1400 3079 armentaque
1437 3000 1601 3053 laeta.

274 3073 416 3128 Hinc
449 3074 682 3129 bellator
716 3094 890 3147 equus
925 3094 1119 3147 eampo
1155 3094 1275 3132 sese
1310 3076 1514 3131 arduus
1547 3074 1744 3137 infert3

273 3150 415 3206 Hinc
448 3149 574 3220 albi,
612 3152 901 3223 Clitumne,
935 3170 1134 3225 greges
1169 3156 1231 3209 et
1262 3168 1519 3208 maxuma
1551 3154 1743 3205 taurus

1934 89 1991 136 41

1925 411 2001 454 ue

1922 1177 1997 1219 1ae

1922 1558 1995 1601 126

1916 2328 1989 2368 1³5

1914 2705 1987 2747 1«)

1915 3082 1988 3123 145
