2163 3401
727 94 1098 144 AENEIDOS
1131 95 1270 145 LIB.
1319 94 1474 145 VIII.
1866 100 1952 146 231

255 177 319 229 Et
357 192 527 241 mare,
566 174 714 243 quod
750 188 927 243 supra,
966 178 1209 235 teneant,
1247 175 1504 244 quodque
1539 174 1718 231 adluit
1749 177 1906 231 infra.

255 252 461 320 Accipe
496 252 679 319 daque
716 251 897 303 fidem.
970 251 1112 304 Sunt
1147 250 1302 303 nobis
1335 251 1504 305 fortia
1535 251 1682 305 bello
1882 268 1962 307 15⁰

254 330 497 394 Pectora,
535 332 665 380 sunt
700 328 865 380 animi
901 332 961 380 et
995 327 1162 381 rebus
1199 333 1450 395 spectata
1481 329 1751 383 iuventus.

250 402 483 457 Dixerat
506 404 754 457 Aeneas.
830 404 934 456 Ille
968 419 1029 457 os
1065 404 1358 473 oculosque
1394 405 1668 473 loquentis

250 478 581 533 Iamdudum
616 484 675 534 et
712 484 890 535 totum
926 479 1200 533 lustrabat
1233 480 1436 534 lumine
1471 497 1683 551 eorpus.

246 556 387 610 Tum
422 557 500 610 sic
532 574 709 626 pauoe
741 558 939 612 refert:
978 557 1059 611 Ut
1093 560 1166 623 te,
1205 558 1502 611 fortissime
1537 558 1820 627 Teucrum,

247 632 480 702 Accipio
516 633 900 702 adgnoscoque
934 633 1136 687 libens!
1174 638 1237 687 ut
1273 634 1444 688 verba
1477 636 1724 704 parentis
1887 651 1959 689 ιω

246 709 321 762 Et
356 725 546 763 vocem
584 710 858 763 Anchisae
892 713 1077 778 magni
1113 711 1428 778 voltumque
1463 711 1743 765 recordor!

212 838 221 843 ,
247 785 393 838 Nam
429 786 651 839 memini
689 787 965 840 Hesionae
998 787 1265 841 visentem
1300 804 1470 855 regua
1507 788 1704 841 sororis

247 860 750 917 Laomedontiaden
791 864 1080 931 Priamum,
1119 864 1392 918 Salamina
1425 868 1721 935 petentem,

246 936 508 993 Protinus
545 940 819 994 Arcadiae
853 939 1065 1009 gelidos
1101 941 1336 995 invisere
1372 941 1509 996 fluis.

245 1014 386 1069 Tum
420 1016 553 1069 mihi
588 1016 765 1085 prima
796 1033 967 1084 genas
1001 1017 1242 1070 vestibat
1276 1017 1412 1071 flore
1443 1017 1696 1081 iuventa3
1885 1030 1960 1071 ια)

244 1089 604 1161 Mirabarque
640 1093 807 1145 duces
843 1093 1094 1159 Teucros,
1131 1092 1372 1147 mirabar
1406 1096 1468 1148 et
1499 1092 1678 1162 ipsum

246 1167 777 1234 Laomedontiaden3
812 1168 913 1222 sed
946 1170 1159 1222 cunctis
1193 1169 1356 1223 altior
1387 1169 1506 1223 ibat

244 1244 535 1298 Anchises.
608 1244 748 1297 Mihi
781 1260 937 1297 mens
968 1245 1206 1299 iuvenali
1240 1245 1470 1300 ardebat
1505 1263 1690 1301 amore

245 1319 591 1388 Compellare
625 1321 816 1386 virum,
853 1325 911 1374 et
948 1321 1182 1375 dextrae
1217 1322 1544 1390 coniungere
1578 1323 1865 1389 dextram3

244 1396 486 1463 Accessi,
524 1398 585 1449 et
616 1395 847 1463 cupidus
886 1396 1091 1450 Phenei
1128 1395 1230 1451 sub
1265 1398 1480 1451 moenia
1516 1397 1663 1453 duxi.
1885 1414 1958 1453 les

246 1471 352 1525 Ille
389 1472 523 1525 mihi
558 1472 823 1540 insignem
858 1472 1176 1539 pharetram
1213 1473 1513 1542 Lyciasque
1549 1475 1780 1541 sagittas

245 1546 555 1602 Discedens
591 1548 1042 1617 chlamydemque
1078 1566 1212 1603 auro
1248 1550 1404 1603 dedit
1437 1549 1808 1618 intertextam,

249 1623 538 1693 Frenaque
571 1624 715 1693 bina,
748 1642 903 1679 meus
938 1642 1078 1694 quae
1115 1642 1256 1679 nunc
1293 1625 1476 1694 habet,
1514 1642 1692 1691 aurea,
1731 1626 1920 1681 Pallas

248 1698 393 1770 Ergo
430 1705 503 1769 et,
538 1718 699 1771 quam
736 1703 937 1772 petitis,
972 1703 1157 1757 iuncta
1193 1707 1280 1758 est
1313 1703 1447 1756 mihi
1484 1703 1707 1757 foedere
1743 1703 1950 1770 dextra,

243 1775 335 1845 Et,
372 1777 467 1832 lux
502 1794 625 1831 cum
662 1779 897 1847 primum
934 1780 1102 1833 terris
1139 1797 1198 1834 se
1232 1780 1470 1834 crastina
1505 1779 1720 1848 reddet,
1883 1793 1956 1833 17⁰

248 1853 473 1907 Auxilio
504 1854 677 1908 laetos
713 1854 1005 1923 dimittam,
1044 1857 1350 1925 opibusque
1383 1856 1593 1910 iuvab0.

246 1929 274 1982 Ι
278 1933 474 1983 nterea
510 1946 663 1984 sacra
699 1931 845 2000 haec,
882 1933 1102 2001 quando
1139 1932 1243 1986 huc
1277 1933 1502 1987 venistis
1537 1933 1712 2001 amici,

248 2007 462 2074 Annua,
500 2023 640 2075 quae
677 2007 897 2062 differre
930 2010 1101 2075 nefas,
1139 2009 1410 2063 celebrate
1446 2010 1693 2063 faventes

245 2082 561 2148 Nobiscum,
597 2088 655 2137 et
690 2083 797 2136 iam
834 2101 973 2137 nunc
1008 2085 1276 2138 sociorum
1311 2086 1618 2139 adsuescite
1653 2085 1869 2140 mensis.

316 2159 471 2212 Haec
506 2158 599 2212 ubi
634 2160 793 2226 dicta,
830 2159 999 2228 dapes
1036 2161 1192 2214 iubet
1228 2165 1286 2214 et
1320 2159 1536 2214 sublata
1570 2161 1762 2228 reponi
1883 2173 1955 2215 1⁷5

247 2235 463 2304 Pocula,
497 2237 886 2304 gramineoque
920 2237 1065 2290 viros
1103 2237 1245 2290 locat
1279 2237 1398 2304 ipse
1431 2235 1606 2300 sedili,

246 2312 717 2381 Praecipuumque
752 2315 873 2365 toro
909 2317 967 2366 et
1002 2313 1176 2366 villosi
1210 2311 1353 2380 pelle
1387 2311 1560 2365 leonis

246 2388 468 2455 Accipit
507 2391 749 2453 Aenean,
786 2389 1025 2457 solioque
1061 2389 1258 2442 invitat
1292 2404 1502 2442 acernO.

244 2464 381 2518 Tum
417 2465 545 2518 lecti
582 2466 803 2518 iuvenes
838 2466 1092 2519 certatim
1129 2481 1366 2533 araeque
1405 2465 1663 2520 sacerdos

246 2540 473 2594 Viscera
493 2543 641 2594 tosta
662 2541 845 2594 ferimt
867 2544 1163 2608 taurorum,
1188 2545 1524 2608 onerantque
1561 2541 1812 2594 canistris
1881 2555 1954 2594 18⁰

244 2617 407 2670 Dona
441 2615 721 2671 laboratae
760 2617 989 2684 Cereris,
1027 2616 1412 2683 Bacchumque
1447 2616 1778 2670 ministrant.

246 2692 506 2747 Vescitur
542 2695 761 2748 Aeneas
793 2693 955 2747 simul
990 2696 1049 2746 et
1087 2692 1316 2746 Troiana
1350 2692 1605 2744 iuventus

243 2768 509 2838 Perpetui
543 2774 701 2838 tergo
734 2769 890 2823 bovis
926 2773 985 2823 et
1020 2768 1342 2822 lustralibus
1377 2767 1538 2821 extis.

317 2845 614 2914 Postquam
640 2849 898 2914 exempta
920 2847 1091 2900 fames
1115 2849 1173 2898 et
1195 2860 1348 2897 amor
1371 2858 1712 2912 compressus
1735 2843 1952 2920 edendi,

244 2920 367 2975 Rex
406 2921 695 2976 Euandrus
730 2923 835 2976 ait:
873 2923 922 2974 N
927 2938 996 2975 on
1031 2922 1167 2975 haec
1203 2920 1485 2973 sollemnia
1519 2919 1688 2987 nobis,
1877 2936 1952 2974 185

245 2997 368 3052 Has
403 3015 473 3051 ex
509 3014 662 3051 more
698 2999 883 3067 dapes,
920 2998 1059 3051 hanc
1093 2998 1235 3051 tanti
1271 2996 1508 3049 numinis
1543 3011 1695 3050 aram

242 3073 404 3127 Vana
438 3074 756 3142 superstitio
792 3078 1148 3141 veterumque
1182 3074 1374 3138 ignara
1409 3070 1637 3124 deorum

245 3150 519 3220 Inposuit:
556 3152 748 3216 saevis,
783 3149 979 3216 hospes
1016 3148 1261 3212 Troiane,
1298 3145 1519 3214 periclis
