2163 3401
212 99 309 147 292
668 95 728 142 P.
766 94 1068 143 VERGILI
1120 93 1457 143 MARONIS

211 177 323 231 Seu
356 176 535 230 mollis
572 175 761 245 violae,
798 194 897 231 seu
929 176 1244 245 languentis
1277 174 1572 245 hyacinthi,

212 253 313 306 Cui
338 268 517 321 neque
540 252 722 320 fulgor
745 253 939 321 adhuc,
961 268 1063 307 nec
1088 252 1220 307 dum
1243 269 1344 306 sua
1365 253 1540 305 forma
1561 250 1826 315 recessim
1869 265 1919 307 ⁷0

210 328 334 381 Non
370 328 481 381 iam
514 332 695 382 mater
728 328 830 383 alit
862 328 1043 396 tellus,
1078 329 1318 396 virisque
1353 328 1647 383 ministrat.

211 404 348 456 Tum
382 405 629 471 geminas
662 408 843 458 vestes
876 420 1119 473 auroque
1155 410 1413 471 ostroque
1448 404 1678 471 rigentis

210 478 425 534 Extulit
464 482 695 547 Aeneas,
734 496 871 549 quas
906 480 985 533 illi
1022 481 1170 535 laeta
1205 479 1452 533 laborum

214 554 363 624 Ipsa,
381 555 493 609 suis
528 556 803 623 quondam
841 555 1089 621 manibus
1125 556 1347 611 Sidonia
1384 555 1530 611 Dido

212 631 457 699 Fecerat,
494 635 553 684 ct
588 632 742 685 tenui
777 631 918 685 telas
954 631 1294 687 discreverat
1325 648 1473 686 aure.
1863 644 1917 687 π

214 707 426 760 Harum
460 723 625 759 unam
660 707 842 761 iuveni
878 724 1198 776 supremum
1233 711 1477 763 maestus
1509 707 1772 781 honorem

214 782 417 850 Induit,
455 799 781 851 arsurasque
818 800 999 837 comas
1034 783 1264 837 obnubit
1299 784 1537 848 amictu3

211 857 498 928 Multaque
533 862 821 927 praeterea
858 859 1152 912 Laurentis
1186 860 1431 927 praemia
1465 876 1680 928 pugnae

211 934 472 1002 Aggerat‚
509 940 567 987 et
602 934 761 1003 longo
794 933 1056 1003 praedam
1092 934 1248 988 iubet
1283 935 1473 989 ordine
1509 936 1652 989 duci.

210 1010 391 1064 Addit
426 1027 594 1079 equos
629 1014 690 1065 et
724 1011 848 1077 tela,
884 1010 1084 1079 quibus
1121 1010 1448 1080 spoliaverat
1479 1012 1710 1065 hostem.
1860 1028 1914 1067 so

209 1086 477 1140 Vinxerat
512 1090 570 1139 ct
604 1089 730 1155 post
765 1089 925 1155 terga
958 1104 1165 1152 manus,
1205 1104 1341 1155 quos
1377 1087 1626 1143 mitteret
1661 1086 1876 1141 umbris

210 1161 454 1229 Inferias,
492 1178 649 1215 caeso
687 1178 980 1230 sparsurus
1012 1163 1272 1230 sanguiue
1308 1163 1580 1218 flammam
1591 1183 1606 1228 ς

212 1237 554 1306 Indutosque
590 1236 744 1291 iubet
780 1241 1002 1292 truncos
1037 1238 1325 1292 hostilibus
1362 1240 1527 1294 armis

211 1314 369 1383 Ipsos
402 1314 548 1367 ferre
584 1314 763 1385 duces,
798 1314 1124 1382 inimicaque
1159 1315 1378 1369 nomina
1411 1316 1518 1384 figi.

212 1390 445 1444 Ducitur
478 1390 668 1443 infelix
704 1407 837 1443 aevo
874 1391 1152 1444 confectus
1191 1394 1442 1459 Acoetes,
1859 1408 1914 1449 85

210 1466 440 1520 Pectora
474 1483 617 1520 nunc
650 1466 875 1519 foedans
909 1467 1120 1536 pugnis,
1158 1484 1300 1521 nunc
1336 1467 1609 1535 unguibus
1644 1485 1766 1534 ora3

212 1542 507 1609 Sternitur,
544 1546 603 1595 et
638 1545 756 1596 toto
792 1542 1066 1611 proiectus
1098 1558 1327 1612 ‘corpore
1363 1548 1562 1601 terrae,

210 1618 429 1673 Ducunt
464 1624 522 1671 et
561 1618 767 1671 Rutulo
802 1619 1050 1687 perfusos
1089 1620 1348 1688 sanguine
1383 1637 1588 1677 currus.

210 1693 344 1749 Post
379 1694 610 1750 bellator
644 1711 830 1763 equus,
868 1696 1060 1763 positis
1096 1695 1414 1765 insignibus,
1455 1697 1688 1766 Aethon,

210 1771 267 1826 It
300 1772 603 1840 lacrimans,
637 1772 921 1840 guttisque
957 1773 1240 1826 humectat
1273 1774 1576 1841 grandibus
1610 1791 1718 1829 ora.
1857 1791 1911 1831 so

210 1847 443 1900 Hastam
478 1848 568 1900 alii
593 1848 923 1918 galeamque
960 1849 1148 1902 serunt
1161 1868 1176 1913 3
1211 1865 1334 1902 nam
1373 1853 1558 1904 cetera
1593 1851 1804 1904 Turnus

206 1922 397 1976 Victor
454 1923 632 1978 habet.
707 1922 844 1978 Tum
902 1928 1112 1978 maesta
1166 1924 1402 1992 phalanx
1461 1925 1760 1994 Teucrique
1819 1943 1908 1982 se-

344 2004 587 2067 quuntur

206 2075 579 2145 Tyrrhenique
615 2093 805 2132 omnes
840 2081 899 2132 et
933 2077 1105 2132 versis
1142 2077 1390 2132 Arcades
1424 2079 1603 2134 armis.

207 2152 504 2220 Postquam
539 2153 713 2206 omnis
748 2153 907 2222 longe
944 2154 1202 2207 comitum
1240 2158 1580 2221 processerat
1614 2155 1764 2224 orde,

206 2227 465 2282 Substitit
505 2231 738 2296 Aeneam,
772 2230 1093 2298 gemituque
1127 2227 1262 2282 haec
1297 2229 1516 2284 addidit
1551 2231 1691 2287 alto:
1857 2245 1908 2288 ⁹6

208 2304 320 2357 Nos
356 2304 490 2358 alias
525 2304 652 2358 hinc
687 2304 759 2358 ad
795 2305 1044 2358 lacrimas
1081 2304 1274 2358 eadem
1311 2305 1534 2358 horrida
1567 2305 1695 2360 belli

211 2379 344 2434 Fata
377 2385 600 2435 vocant:
640 2380 785 2434 salve
822 2384 1107 2434 aeternum
1145 2380 1290 2443 mihi,
1326 2397 1576 2436 maxumo
1615 2383 1783 2450 Palla,

207 2458 621 2524 Aeternumque
655 2457 795 2510 vale.
863 2457 915 2508 N
919 2474 980 2509 ec
1016 2456 1173 2524 plura
1207 2456 1403 2510 effatus
1439 2459 1512 2511 ad
1547 2459 1687 2512 altos

204 2531 491 2586 Tendebat
524 2548 723 2600 muros,
758 2549 1118 2601 gressumque
1153 2531 1210 2584 in
1245 2535 1424 2586 castra
1456 2533 1686 2590 ferebat.
1723 2560 1730 2566 ·

274 2608 505 2677 Iamque
541 2611 785 2662 oratores
820 2608 1053 2662 aderant
1089 2625 1159 2661 ex
1195 2609 1332 2662 urbe
1371 2609 1580 2677 Latina,
1835 2625 1912 2667 ιω

206 2682 389 2735 Velati
424 2685 590 2736 ramis
624 2684 793 2749 oleae,
829 2684 1152 2752 veniamque
1187 2688 1472 2751 rogantes:

204 2756 459 2822 Corpora,
495 2775 595 2824 per
629 2775 846 2828 campos
880 2761 1027 2814 ferro
1062 2775 1205 2826 quae
1239 2760 1362 2814 fusa
1394 2761 1660 2830 iacebant,

206 2824 504 2893 Redderet,
538 2846 602 2881 ac
636 2833 848 2887 tumulo
884 2834 1090 2888 sineret
1128 2834 1420 2890 succedere
1457 2843 1673 2904 terrae3

208 2895 429 2949 Nullum
464 2917 586 2953 cum
621 2907 781 2960 victis
816 2913 1098 2962 certamen
1133 2913 1192 2962 et
1226 2911 1450 2966 aethere
1484 2914 1682 2979 cassis3

206 2965 464 3023 Parceret
496 2973 801 3042 hospitibus
838 2983 1109 3049 quondam
1147 2986 1458 3055 socerisque
1495 2991 1718 3045 vocatis.
1839 3007 1910 3046 10⁵

206 3038 353 3128 QJ²⁰⁵
386 3039 558 3125 b031118
594 3053 827 3121 Aeneas,
862 3057 1011 3110 haud
1044 3062 1390 3124 aspernanda
1423 3067 1720 3132 precantis,

252 3119 561 3174 ‘mqmtur
594 3125 767 3190 venia,
801 3132 861 3182 ot
893 3132 1077 3187 verbis
1111 3129 1248 3184 haec
1281 3138 1505 3206 insuper
1539 3141 1728 3198 addit:
