2163 3401
9 3296 105 3373 ἱ

159 104 252 157 ns
637 104 697 151 P.
723 104 1047 153 VERGILI
1081 104 1417 153 MARONIS

156 180 366 235 Emere
399 182 666 250 agricolae
699 185 983 249 certatim3
1017 184 1111 238 illa
1144 199 1319 253 usquc
1354 188 1594 242 minatur

155 257 228 311 Et
263 259 585 313 tremefacta
621 276 830 313 comam
865 276 1126 315 concusso
1160 262 1367 317 vertice
1400 267 1577 332 nutat,

155 334 486 389 Vulneribus
521 335 695 390 donec
728 337 992 405 paulatim
1028 338 1207 391 evicta
1240 355 1557 406 supremum
1807 347 1877 387 ⁶³⁰

155 411 477 479 Congemuit
511 414 796 481 traxitque
829 414 972 481 iugis
1008 413 1193 468 avolsa
1226 415 1453 469 ruinam.

155 487 454 556 Descende,
489 505 553 543 ac
588 489 826 543 ducente
862 490 966 543 deo
1001 490 1275 544 flammam
1310 491 1458 544 inter
1496 494 1557 545 et
1590 492 1766 546 hostis

153 565 459 633 Expedior3
493 566 630 619 dant
664 566 779 619 tela
813 566 1007 632 locum,
1045 566 1407 637 flammaeque
1441 568 1728 623 recedunt.

223 643 412 711 Atque
447 642 542 696 ubi
577 642 686 695 iam
719 642 936 711 patriae
968 647 1293 710 perventum
1328 643 1401 697 ad
1434 643 1623 697 limina
1660 644 1813 699 sedis

157 719 538 787 Antiquasque
563 718 766 783 domos,
791 720 1024 787 genitor,
1049 736 1215 789 quem
1238 720 1433 773 tollere
1454 720 1511 773 in
1534 720 1675 773 altos
1796 736 1871 775 ωε

153 794 425 863 Optabam
460 795 697 863 primum
733 796 936 850 montis
970 796 1319 865 primumque
1352 794 1641 872 petebam,-

155 870 410 940 Abnegat
445 872 627 925 excisa
660 871 829 925 vitam
864 871 1170 939 producere
1206 872 1365 926 Troia

154 948 526 1018 Exsiliumque
561 949 692 1017 pati.
766 948 882 1001 Vos
916 964 965 1014 0,
1003 948 1204 1015 quibus
1236 948 1454 1017 integer
1488 948 1622 1002 aevi'

151 1023 392 1092 Sanguis,
428 1016 524 1090 ait,
559 1023 875 1093 solidaeque
909 1040 1007 1077 suo
1043 1027 1197 1078 stant
1229 1022 1427 1077 robore
1458 1024 1618 1092 vires,

150 1100 266 1153 Vos
301 1102 506 1168 agitate
541 1100 744 1169 fugam.
1788 1116 1865 1156 σω

149 1176 244 1231 Me
278 1176 325 1229 si
360 1177 644 1231 caelicolae
679 1176 978 1231 voluissent
1014 1178 1217 1231 ducere
1252 1177 1435 1245 vitam,

149 1253 270 1307 Has
303 1253 437 1307 mihi
473 1256 784 1307 servassent
819 1253 993 1307 sedes.
1065 1253 1216 1307 Satis
1248 1270 1359 1307 una
1394 1271 1667 1323 superque

149 1328 400 1383 Vidimus
435 1330 676 1384 exscidia
711 1333 770 1383 et
803 1332 996 1399 captae
1033 1330 1405 1397 superavimus
1439 1330 1576 1384 urbi.

147 1406 237 1461 Sic
272 1423 319 1472 0,
357 1406 434 1461 sic
468 1405 708 1474 positum
745 1406 918 1459 adfati
953 1406 1219 1459 discedite
1254 1422 1462 1475 corpus.

149 1482 278 1551 Ipse
312 1499 477 1536 manu
512 1486 748 1535 mortem
781 1481 1085 1547 inveniam3
1120 1482 1473 1537 miserebitur
1506 1482 1680 1538 hostis
1784 1500 1867 1541 ω

148 1559 490 1629 Exuviasque
523 1562 712 1628 petet3
746 1558 920 1613 facilis
952 1559 1165 1613 iactura
1200 1558 1486 1627 sepulchri.

147 1636 269 1690 Iam
304 1636 518 1706 pridem
553 1636 764 1693 invisus,
795 1634 936 1691 divis
971 1638 1030 1689 et
1065 1634 1277 1689 inutilis
1310 1652 1483 1688 annos

148 1713 428 1780 Demeror,
465 1730 532 1766 ex
571 1729 682 1780 quo
712 1728 802 1765 me
839 1712 1018 1765 divom
1054 1714 1216 1784 pater
1246 1716 1415 1780 atque
1447 1712 1725 1766 hominum
1755 1729 1867 1768 rex

149 1789 412 1843 Fulminis
446 1789 670 1843 adflavit
705 1788 882 1842 ventis
919 1792 977 1843 et
1013 1788 1245 1856 contigit
1278 1789 1405 1856 igni.

163 1913 167 1918 .
215 1866 366 1920 Talia
399 1865 683 1934 perstabat
716 1881 1035 1933 memorans,
1071 1865 1321 1933 fixusque
1356 1866 1630 1919 manebat.
1788 1879 1871 1920 σεο

147 1942 198 1994 N
202 1957 262 1996 os
297 1946 487 2002 contra
521 1942 676 1995 effusi
711 1941 950 1995 lacrimis
985 1941 1328 2009 coniunxque
1365 1941 1572 2007 Creusa

148 2019 524 2087 Ascaniusque
560 2019 842 2086 omnisque
878 2018 1087 2083 domus,
1124 2034 1195 2070 ne
1228 2021 1445 2072 vertere
1482 2027 1663 2074 secum

147 2094 356 2150 Cuncta
389 2099 550 2164 pater
583 2095 807 2163 fatoque
841 2095 1099 2162 urg-uenti
1134 2093 1449 2157 incumbere
1483 2093 1664 2148 vellet.

149 2171 422 2240 Abnegat,
458 2171 781 2240 inceptoque
817 2174 875 2224 et
911 2169 1131 2224 sedibus
1166 2169 1362 2223 haeret
1395 2169 1453 2222 in
1486 2169 1673 2223 isdem.

148 2249 358 2306 Rursus
380 2247 436 2300 in
462 2264 613 2300 arma
634 2248 792 2312 feror,
817 2251 1162 2315 mortemque
1185 2246 1523 2300 miserrimus
1546 2249 1687 2314 epte,
1784 2261 1868 2300 855

147 2325 288 2379 Nam
326 2324 474 2393 quod
510 2324 790 2384 consilium
827 2327 923 2377 aut
959 2339 1101 2391 quae
1135 2323 1245 2375 iam
1281 2322 1499 2376 fortuna
1535 2320 1808 2378 dabatur?

147 2402 310 2456 Mene
346 2400 540 2454 efferre
575 2400 787 2469 pedem,
823 2398 1054 2467 genitor,
1093 2402 1149 2452 te
1185 2415 1344 2468 posse
1380 2398 1573 2452 relicto

148 2477 408 2547 Sperasti‚
444 2481 770 2545 tantumque
804 2475 957 2530 nefas
991 2475 1172 2543 patrio
1209 2474 1414 2528 excidit
1450 2475 1577 2528 ore?

147 2554 203 2608 Si
239 2554 368 2607 nihil
405 2569 474 2606 ex
510 2556 668 2606 tanta
703 2550 928 2621 Superis
963 2551 1145 2619 placet
1177 2549 1315 2605 urbe
1350 2550 1599 2617 relinqui,

148 2629 222 2684 Et
257 2630 414 2684 sedet
448 2629 550 2682 hoe
585 2628 780 2695 anime,
817 2628 1207 2697 perituraeque
1242 2626 1450 2682 addere
1488 2625 1679 2679 Troiae
1788 2639 1871 2678 eeu

147 2706 333 2771 Teque
366 2709 601 2772 tuosque
633 2705 798 2769 iuvat,
835 2707 991 2772 patet
1025 2704 1119 2756 isti
1154 2703 1316 2756 ianua
1348 2702 1475 2769 lete,

150 2779 378 2844 Iamque
414 2778 593 2832 aderit
628 2779 802 2833 multo
840 2779 1040 2832 Priami
1079 2779 1151 2832 de
1188 2777 1449 2845 sanguine
1485 2775 1740 2844 Pyrrhus,

151 2851 389 2903 Gnatum
414 2855 543 2904 ante
567 2869 662 2906 ora
686 2854 875 2921 patris,
899 2858 1113 2922 patrem
1140 2854 1233 2922 qui
1259 2853 1551 2906 obtruncat
1573 2850 1645 2904 ad
1667 2866 1813 2906 aras,

153 2924 275 2975 Hoc
310 2926 452 2996 erat,
477 2925 620 2977 alma
653 2943 862 2993 parens,
901 2929 1049 2996 quod
1086 2946 1173 2982 me
1209 2945 1310 2997 per
1344 2929 1473 2996 tela,
1508 2943 1609 2997 per
1642 2927 1793 2994 ignis

151 2995 346 3062 Eripis,
381 2998 443 3048 ut
477 2997 672 3051 mediis
704 3000 916 3054 hostem
952 3004 1007 3056 in
1042 3003 1431 3072 penetralibus,
1464 3007 1638 3071 utque
1792 3017 1875 3058 οδ

153 3069 445 3122 Ascanium
479 3074 802 3138 patremque
835 3092 1017 3130 meum
1051 3079 1315 3147 iuxtaque
1352 3078 1613 3132 Creusam

153 3142 410 3202 Alterum
442 3141 501 3196 in
533 3143 760 3199 alterius
793 3155 1062 3206 mactatos
1098 3154 1361 3221 sanguine
1393 3152 1647 3208 cernam?
