2163 3401
626 432 684 481 P.
721 429 1023 479 VERGILI
1056 426 1385 476 MARONIS

542 601 1468 683 AENEIDOS

642 808 875 863 LIBER
910 802 1382 860 UNDEOIM-US.

906 970 1110 997 ...q—-

158 1091 440 1145 OOEANUM
476 1092 689 1143 interea
726 1106 951 1155 surgens
990 1090 1211 1141 Aurora
1243 1086 1497 1154 reliquit:

159 1168 387 1231 Aeneas,
426 1181 754 1233 quamquam
792 1168 849 1217 et
885 1164 1041 1216 sociis
1076 1161 1211 1216 dare
1246 1165 1462 1229 tempus
1495 1160 1790 1214 humandis

160 1241 531 1308 Praecipitant
568 1255 745 1306 curae,
783 1238 1118 1305 turbataque
1153 1237 1346 1289 funere
1381 1253 1536 1290 mens
1571 1239 1673 1300 est,

158 1316 305 1369 Vota.
340 1314 505 1367 deum
541 1315 719 1383 primo
758 1314 933 1367 victor
966 1312 1212 1365 solvebat
1249 1312 1374 1365 Eoo,

160 1393 449 1461 Ingentem
489 1406 751 1457 quercum
787 1388 983 1442 decisis
1018 1387 1264 1457 undique
1301 1390 1467 1442 ramis
1849 1405 1876 1441 ε

161 1468 458 1523 Constituit
496 1467 719 1534 tumu10‚
756 1467 1130 1535 fulgentiaque
1165 1464 1348 1517 induit
1383 1482 1546 1532 arma,

160 1545 396 1598 Mezenti
435 1543 590 1597 ducis
626 1544 864 1611 exuvias,
900 1543 1019 1611 tibi,
1055 1559 1267 1610 magne,
1304 1545 1602 1609 tropaeum,

160 1621 524 1689 Bellipotens;
577 1623 737 1691 aptat
787 1620 1023 1673 rorantis
1058 1618 1322 1685 sanguine
1357 1617 1546 1669 cristas

160 1697 395 1766 Telaque
431 1700 625 1751 trunca
659 1696 761 1750 viri
798 1700 855 1750 et
890 1696 975 1750 bis
1013 1713 1110 1749 sex
1145 1694 1372 1748 thoraca
1402 1694 1638 1763 petitum

162 1774 579 1842 Perfossumquo
614 1773 761 1841 locis,
800 1773 1147 1842 clipeumque
1183 1789 1252 1826 ex
1287 1788 1414 1825 aere
1451 1771 1702 1823 sinistrae
1817 1788 1874 1825 ιο

160 1849 423 1918 Subligat,
466 1853 632 1918 atque
669 1867 853 1903 ensem
890 1849 1027 1903 collo
1064 1849 1352 1918 suspendit
1387 1847 1667 1901 eburnum.

160 1926 296 1979 Tum
334 1926 518 1994 socios,
557 1942 792 1995 namque
828 1925 1003 1978 omnis
1040 1941 1164 1978 eum
1203 1926 1406 1992 stipata
1439 1923 1664 1990 tegebat

160 2001 345 2056 Turba
379 2003 593 2069 ducum,
634 2003 711 2055 sic
744 2003 1009 2070 incipiens
1044 2003 1298 2055 hortatur
1335 2001 1567 2056 ovantis:

160 2078 419 2132 Maxuma
453 2095 543 2131 res
580 2078 787 2145 effecta,
822 2078 961 2143 viri3
997 2078 1164 2130 timor
1199 2078 1372 2131 omnis
1407 2077 1612 2143 abesto,

162 2155 321 2220 Quod
345 2159 625 2224 superest;
663 2154 795 2208 haec
820 2158 950 2208 sunt
974 2155 1148 2223 spolia
1171 2159 1229 2209 et
1253 2155 1323 2208 de
1347 2171 1476 2222 rege
1499 2152 1736 2222 superbo
1821 2168 1872 2204 ιε

162 2231 456 2298 Primitiae,
495 2231 855 2299 manibusque
892 2231 1030 2284 meis
1068 2231 1373 2284 Mezentius
1408 2231 1496 2284 hic
1531 2233 1630 2283 est.

162 2306 212 2359 N
215 2325 317 2361 unc
356 2308 464 2361 iter
502 2309 575 2361 ad
608 2325 795 2375 regem
830 2306 989 2360 nobis
1025 2323 1320 2374 murosque
1359 2307 1594 2359 Latinos,

163 2385 334 2438 Arma
370 2389 561 2453 parato
598 2383 804 2451 animis,
843 2387 901 2436 et
938 2400 1035 2452 spe
1068 2382 1404 2452 praesumite
1439 2381 1657 2448 bellum,

161 2460 247 2514 Ne
285 2478 395 2530 qua
429 2477 581 2514 mora
616 2462 847 2528 ignar05‚
885 2459 984 2512 ubi
1018 2458 1256 2528 primum
1292 2457 1492 2512 vellere
1529 2457 1684 2524 signa

163 2538 477 2590 Adnuerint
514 2537 696 2605 superi
732 2535 1047 2605 pubemque
1085 2534 1318 2589 educere
1353 2534 1560 2600 castris,
1823 2549 1875 2587 ω

164 2613 433 2683 Inpediat,
472 2613 721 2681 segnisve
757 2616 909 2666 metu
946 2610 1220 2665 sententia
1249 2609 1449 2663 tardet.

164 2687 383 2738 Interea
420 2689 589 2739 socios
626 2687 1017 2754 inhumataque
1054 2701 1282 2754 corpora
1315 2689 1498 2739 terrae

163 2758 501 2825 Mandemus,
540 2761 635 2829 qui
672 2762 816 2814 solus
852 2762 1022 2814 honos
1060 2761 1376 2814 Acheronte
1411 2760 1513 2813 sub
1547 2761 1662 2813 imo
1699 2765 1802 2816 est.

166 2831 268 2894 1¹²0,
306 2832 393 2893 ast,
433 2836 679 2900 egregias
717 2837 940 2902 animast,
968 2853 1122 2904 ,quae
1159 2837 1424 2904 sanguine
1457 2835 1614 2888 nobis

166 2899 322 2951 Hanc
356 2907 589 2966 patriam
625 2927 893 2977 peperere
930 2927 1043 2978 su0‚
1083 2911 1338 2964 decorato
1377 2911 1648 2977 supremis
1823 2923 1870 2962 2⁵

166 2970 497 3038 Muneribus,
534 2986 909 3051 maestamque
947 2985 1192 3038 Euandri
1227 2986 1438 3054 primus
1474 2984 1548 3038 ad
1579 2985 1785 3040 urbem

167 3041 424 3126 Mittahp·
460 3046 653 3118 Pallas,
693 3071 855 3122 quem
891 3075 1001 3111 non
1035 3061 1257 3113 virtutis
1293 3063 1550 3128 egentem

222 3112 417 3167 hstuht
450 3120 571 3171 atra
604 3123 725 3180 dies
759 3131 820 3182 et
853 3131 1045 3205 funere
1080 3134 1275 3187 mersit
1307 3131 1522 3188 acerbo.
