2163 3401
220 106 282 156 22
678 103 736 154 P.
785 101 1090 154 VERGILI
1136 99 1469 146 MA'RONIS

219 183 392 238 Venit
428 186 488 238 et'
521 180 726 250 agresti
763 179 881 248 capi
889 180 961 234 tis
999 179 1247 233 Silvanus
1284 178 1505 244 honore,

220 258 498 313 Florentis
519 256 735 310 -ferulas
771 259 830 310 et
863 254 1096 322 grandia
1132 254 1245 307 lilia
1281 269 1559 323 quassans.
1880 272 1931 309 25

221 336 336 398 Pan
373 334 510 388 deus
549 332 824 388 Arcadiae
859 330 1024 397 venit,
1061 346 1228 399 quem
1264 328 1498 384 vidimus
1533 330 1637 398 ipsi

219 409 538 480 Sanguineis
575 408 723 463 ebuli
761 407 910 462 bacis
945 406 1225 475 minioque
1264 405 1568 459 rubentem.

218 488 422 557 Ecquis
457 487 565 540 erit
599 485 830 540 modus?
868 482 1080 551 inquit3
1130 486 1305 536 Amor
1340 497 1449 537 non
1482 481 1616 535 talia
1648 487 1833 548 curat;

217 565 336 619 Nec
371 562 607 617 lacrimis
642 559 880 616 crudelis
919 560 1113 624 Amor,
1153 575 1253 612 nec
1288 558 1537 626 gramina
1570 558 1713 624 rivis,

217 643 336 696 Nec
370 641 540 709 cytiso
577 640 894 694 saturantur
934 653 1080 706 apos,
1118 653 1219 690 nec
1256 635 1455 689 fronde
1488 636 1740 705 capellae.
1881 651 1933 690 ao

217 718 412 770 Tristis
440 718 504 770 at
537 715 657 768 ille:
703 713 907 767 Tamen
945 713 1255 778 cantabitis,
1297 711 1559 780 ArcadeS,
1594 712 1788 779 inquit,
1866 761 1874 766 .
1928 755 1943 794 3

219 792 501 846 Montibus
536 791 670 845 haec
706 790 930 844 vestris:
975 788 1075 842 soli
1114 791 1337 842 cantare
1372 787 1537 856 periti

220 867 481 923 Arcades.
557 866 603 919 Ο
642 866 774 920 mihi
809 869 927 919 tum
967 880 1135 934 quam
1172 863 1416 919 molliter
1448 881 1571 919 ossa
1604 865 1903 932 quiescant,

219 945 420 998 Vestra
457 961 608 998 meos
645 943 773 996 olim
813 943 858 995 si
895 941 1081 995 fistula
1120 941 1269 994 dicat
1304 945 1543 996 amores!

219 1021 406 1089 Atque
441 1020 654 1074 utinam
690 1036 760 1072 ex
795 1018 948 1071 vobis
985 1035 1138 1084 unus,
1184 1017 1465 1085 vestrique
1500 1017 1724 1070 fuissem
1879 1031 1929 1074 ss

219 1097 338 1150 Aut
373 1099 556 1150 custos
591 1095 790 1163 gregis,
828 1098 926 1147 aut
961 1098 1212 1148 maturae
1252 1092 1454 1154 vinitor
1488 1095 1653 1146 uvae!

218 1172 398 1240 Certe,
434 1172 547 1225 sive
584 1171 718 1224 mihi
759 1170 979 1238 Phyllis,
1020 1169 1135 1223 sive
1171 1172 1321 1223 essct
1362 1169 1643 1236 Amyntas,

218 1247 328 1301 Seu
363 1247 692 1316 quicumque
720 1245 886 1310 furor,
897 1245 1094 1314 —quid
1122 1248 1257 1312 tum,
1290 1244 1334 1298 si
1367 1244 1551 1297 fuscus
1579 1243 1887 1308 Amyntas?

219 1323 293 1376 Et
327 1323 516 1390 nigrae
552 1322 725 1376 violae
765 1324 893 1374 sunt
929 1325 987 1374 et
1024 1321 1262 1374 vaccinia
1296 1321 1521 1388 nigra—

218 1400 436 1453 Mecum
470 1399 617 1452 inter
653 1398 844 1451 salices
880 1396 1029 1450 lenta
1067 1395 1170 1449 sub
1206 1397 1317 1449 vito
1351 1395 1589 1462 iaceret3
1875 1409 1929 1450 ω

218 1475 379 1534 Serta
413 1473 544 1528 mihi
583 1473 790 1542 Phyllis
823 1471 1050 1540 legeret,
1090 1476 1339 1528 cantaret
1378 1473 1657 1540 Amyntas.

220 1551 326 1605 Hic
361 1551 532 1619 gelidi
567 1551 757 1615 fontes,
792 1550 880 1604 hic
919 1549 1103 1602 mollia
1139 1552 1311 1618 prata,
1350 1548 1554 1616 Lycori,

219 1628 585 1692 Hic'nemus3
625 1627 714 1680 hic
748 1627 866 1695 ipso
903 1629 1088 1680 tecum
1124 1640 1472 1678 consumerer
1508 1639 1656 1678 aevo.

217 1704 377 1757 Nunc
411 1705 631 1757 insanus
665 1720 818 1757 amor
854 1700 978 1755 duri
1015 1718 1105 1755 mc
1144 1700 1342 1755 Martis
1378 1700 1434 1755 in
1471 1700 1639 1755 armis

216 1779 346 1832 Tela
379 1779 526 1833 inter
561 1778 748 1833 media
783 1782 951 1846 atque
987 1778 1248 1831 adversos
1289 1776 1505 1831 detinet
1537 1777 1731 1831 hostis:
1874 1792 1925 1833 4⁵

216 1855 297 1908 Tu
331 1854 518 1924 procul
554 1871 587 1908 a
621 1855 972 1924 patria-nec
1009 1853 1084 1907 sit
1119 1853 1251 1909 mihi
1292 1853 1519 1910 credere
1555 1857 1771 1907 tantum
1786 1856 1877 1908 l—

215 1929 462 1999 Alpinas‚
499 1930 569 1984 ah
606 1930 758 1998 dura,
796 1931 950 1984 nives
987 1935 1046 1984 et
1081 1930 1288 1998 frigora
1328 1929 1507 1984 Rheni

99 2060 107 2071 ,
215 2005 309 2060 Me
347 2007 462 2061 sine
498 2006 614 2060 sola
647 2005 813 2061 vides.
888 2007 996 2075 Ah,
1031 2011 1090 2061 te
1125 2023 1196 2060 ne
1232 2007 1439 2075 frigora
1474 2006 1722 2061 laedant!

9 3284 126 3359 k

215 2082 322 2151 Ah,
351 2083 462 2136 'tibi
495 2100 565 2136 ne
600 2088 819 2139 teneras
853 2083 1054 2152 glacies
1090 2085 1239 2137 secet
1275 2099 1468 2151 aspera
1502 2082 1745 2152 plantas!

216 2158 333 2227 Ibe,
370 2163 442 2228 et,
481 2159 792 2213 Chalcidico
831 2176 972 2228 quae
1009 2162 1137 2212 sunt
1172 2158 1306 2212 mihi
1344 2159 1563 2213 condita
1597 2174 1758 2212 versu
1874 2174 1925 2217 ιο

216 2236 482 2304 Carmina,
519 2236 755 2306 pastoris
791 2236 956 2290 Siculi
993 2234 1313 2289 modulabor
1347 2252 1535 2292 avena.

216 2313 441 2367 Certum
478 2316 565 2371 cst
599 2313 656 2366 in
693 2312 841 2366 silvis
876 2311 1021 2365 inter
1057 2312 1279 2380 spelaea·
1310 2312 1552 2365 ferarum

215 2386 382 2442 Malle
417 2389 534 2458 pati
570 2388 884 2458 tenerisque
916 2403 1068 2441 meos
1103 2387 1345 2442 incidere
1386 2403 1597 2441 amores

216 2464 554 2529 Arboribus;
595 2466 839 2518 crescent
875 2463 1016 2531 illae,
1054 2465 1327 2530 crescetiS,
1366 2480 1595 2519 amores.

216 2542 440 2595 Interea
473 2540 661 2594 mixtis
696 2538 941 2595 lustrabo
978 2540 1232 2593 Maenala
1268 2539 1551 2608 Nymphis,
1873 2554 1923 2593 σε

218 2618 337 2671 Aut
371 2618 511 2673 acris
535 2616 786 2671 ‘venabor
819 2632 992 2685 apros.
1071 2616 1122 2669 N
1126 2632 1196 2669 on
1231 2632 1321 2670 me
1354 2615 1467 2669 ulla
1499 2613 1766 2674 vetabunt

218 2691 448 2759 Frigora
484 2692 804 2747 Parthenios
839 2691 1064 2745 canibus
1104 2691 1441 2745 circumdare
1477 2691 1661 2746 saltus.

220 2766 339 2819 Iam
373 2766 506 2819 mihi
527 2784 641 2834 per
674 2784 839 2837 rupes
879 2766 1070 2829 videor
1106 2767 1367 2837 lucosque
1404 2767 1645 2835 sonantis

219 2840 341 2905 Ire;
382 2839 520 2892 libet
558 2841 761 2895 Partho
798 2845 1058 2911 torquere
1094 2843 1336 2911 Cydonia
1374 2859 1542 2897 cornu

217 2906 822 2984 Spicula—Tamquam
851 2916 985 2971 haec
1015 2919 1089 2971 sit
1119 2920 1291 2972 nostri
1322 2918 1592 2973 medicina
1616 2917 1833 2986 furoris,
1872 2932 1927 2971 ee

221 2989 356 3041 Aut·
374 2987 510 3041 deus
542 2987 636 3042 ille
669 2990 826 3042 malis
859 2989 1139 3046 hominum
1174 2994 1461 3047 mitescere
1500 2994 1701 3048 discat!

221 3060 343 3116 Iam
377 3078 557 3131 neque
595 3062 1010 3132 Hamadryades
1044 3084 1235 3121 rursus
1269 3085 1369 3123 nec
1405 3070 1645 3123 carmina
1679 3068 1836 3125 nobis

221 3136 354 3205 Ipsa
385 3135 634 3205 placent3
674 3138 824 3207 ipsae
857 3154 1046 3195 rursus
1079 3142 1364 3199 concedite
1400 3143 1581 3201 silvae.
