2163 3401
677 67 1054 121 BUCOLIGA.
1116 70 1269 119 EGL.
1320 70 1418 120 lv.
1896 75 1927 105 ⁸¹

227 150 422 212 Ubera,
459 163 560 202 nee
594 163 822 214 magnos
857 151 1113 203 metuent
1149 152 1399 202 armenta.
1433 149 1630 204 leones.

223 225 348 294 Ipsa
383 223 488 278 tibi
523 222 754 276 blandos
789 223 1024 278 fundent
1059 224 1328 279 cunabula
1363 225 1535 280 flores.

221 301 448 356 Occidet
483 302 542 354 et
577 316 817 368 serpens,
855 304 913 353 et
949 301 1115 354 fallax
1151 301 1321 356 herba
1360 303 1553 355 veneni

221 377 477 443 Occidet3
525 376 813 444 Assyrium
849 376 1006 445 volgo
1042 382 1299 432 nascetur
1337 395 1624 432 amomum.
1884 397 1933 436 κ

221 458 300 508 At
334 454 497 508 simul
532 453 762 506 heroum
798 453 988 508 laudes
1025 459 1084 509 et
1118 457 1265 508 facta
1299 455 1547 524 parentis

221 532 338 584 Iam
374 530 559 598 legere
596 531 656 582 et
695 545 837 596 quae
869 526 941 584 sit
974 530 1185 600 poteris
1223 547 1549 598 cognoscere
1583 531 1773 600 virtus,

219 608 370 678 Molli
406 607 672 675 paulatim
710 605 965 660 flavescet
1003 625 1227 677 campus
1266 609 1451 670 arista,

219 684 559 752 Incultisque
595 682 796 736 rubens
829 682 1097 750 pendebit
1136 683 1381 738 sentibus
1416 701 1535 752 uva„

217 760 286 814 Et
321 759 496 814 durae
531 777 766 829 quercus
803 760 1081 814 sudabunt
1119 759 1333 814 roscida
1368 759 1541 815 mella.
1879 777 1929 816 su

218 837 398 908 Pauca
431 840 619 891 tamen
655 837 924 890 suberunt
958 838 1172 906 priscae
1208 836 1439 905 vestigia
1472 837 1694 906 fraudis,

216 912 367 976 Quae
405 916 682 983 temptare
719 913 936 968 Thetim
973 913 1203 982 ratibus,
1241 931 1383 984 quae
1419 913 1637 982 cingere
1672 914 1843 968 muris

212 989 445 1058 Oppida,
485 1007 628 1060 quae
661 989 890 1044 iubeant
924 991 1111 1043 telluri
1148 990 1415 1044 infindere
1452 991 1639 1044 sulcos.

214 1066 377 1120 Alter
414 1066 524 1120 erit
557 1069 678 1120 tum
715 1067 930 1135 Tiphys,
969 1068 1028 1120 et
1063 1066 1239 1120 altera
1276 1084 1417 1135 quae
1452 1067 1617 1121 vehat
1654 1069 1809 1135 Argo

214 1141 472 1196 Delectos
507 1143 730 1210 heroas;
768 1147 931 1197 erunt
967 1143 1136 1198 etiam
1173 1145 1348 1198 altera
1383 1143 1541 1212 bella,
1876 1159 1925 1198 ss

214 1219 407 1287 Atque
443 1219 646 1273 iterum
683 1219 756 1273 ad
793 1219 1010 1273 Troiam
1046 1237 1277 1288 magnus
1314 1220 1570 1274 mittetur
1608 1219 1865 1274 Achilles.

213 1293 376 1361 Hinc,
411 1295 507 1348 ubi
540 1296 650 1348 iam
687 1295 905 1349 firmata
939 1297 1116 1350 virum
1151 1301 1210 1350 te
1245 1297 1440 1350 fecerit
1476 1300 1643 1363 aetas,

211 1369 392 1424 Cedet
428 1375 488 1424 et
522 1373 640 1441 ipse
674 1372 813 1426 mari
849 1375 1050 1441 vector,
1086 1389 1187 1426 nec
1221 1374 1443 1426 nautica
1478 1373 1637 1441 pinus

209 1445 458 1501 Mutabit
492 1464 727 1503 merces:
765 1449 940 1502 omnis
976 1449 1121 1503 feret
1156 1449 1337 1502 omnia
1370 1448 1547 1502 tellus.

209 1524 338 1577 Non
375 1527 581 1577 rastros
615 1524 860 1594 patietur
894 1525 1108 1591 humus,
1144 1540 1251 1577 non
1288 1524 1447 1577 vinea
1480 1522 1704 1589 falcem3
1892 1543 1928 1576 a

209 1599 494 1653 Robustus
530 1616 747 1670 quoque
782 1599 890 1654 iam
927 1600 1104 1654 tauris
1139 1599 1267 1667 iuga
1303 1600 1477 1653 solvet
1511 1602 1725 1664 arator3

207 1675 326 1731 Nec
362 1676 542 1731 varios
579 1676 756 1731 discet
791 1677 1015 1731 mentiri
1050 1677 1178 1731 lana
1214 1677 1437 1747 coloreS,

208 1752 338 1823 Ipse
377 1754 478 1809 sed
511 1754 570 1807 in
604 1754 780 1822 pratis·
815 1753 958 1808 aries
993 1755 1103 1807 iam
1142 1770 1307 1809 suave
1343 1753 1561 1808 rubenti

207 1829 435 1899 Murice,
473 1829 583 1884 iam
619 1846 808 1884 croceo
845 1830 1086 1884 mutabit
1120 1830 1323 1885 vellera
1358 1830 1505 1896 lut03

207 1906 416 1975 Sponte
452 1923 552 1960 sua
585 1905 797 1974 sandyx
833 1906 1107 1975 pascentis
1143 1907 1345 1960 vestiet
1378 1922 1560 1975 agnos.
1871 1919 1921 1961 4⁵

206 1981 358 2036 Talia
395 1982 591 2049 saecla,
629 1982 742 2036 suis
777 1981 1053 2051 dixerunt,
1090 1982 1312 2049 currite,
1348 1983 1482 2037 fusis

207 2058 520 2113 Concordes
557 2058 742 2113 stabili
778 2059 1016 2112 fatorum
1051 2060 1275 2112 numine
1314 2060 1531 2113 Parcae.

208 2135 537 2203 Adgredere
575 2152 607 2188 o
642 2136 1124 2203 magnos—aderit
1159 2136 1266 2189 iam
1303 2136 1837 2205 tempus—honores,

207 2212 350 2265 Gara
386 2211 552 2266 deum
589 2211 820 2279 suboloe,
857 2227 1115 2279 magnum
1155 2212 1301 2265 Iovis
1336 2211 1763 2266 incrementum!

207 2288 413 2357 Aspice
449 2304 690 2342 convexo
726 2291 1013 2341 nutantem
1050 2288 1296 2357 pondere
1332 2288 1611 2355 mundum,
1868 2305 1917 2344 ω

208 2364 517 2435 Terra-sque
554 2368 878 2434 tractusque
915 2365 1083 2418 maris
1119 2365 1440 2434 caelumque
1476 2364 1821 2433 profundum,

208 2442 424 2511 Aspice,
460 2444 693 2497 venturo
728 2442 1005 2496 laetantur
1038 2444 1105 2496 ut
1141 2442 1321 2495 omnia
1356 2442 1565 2496 saeclo!

209 2516 254 2569 O
293 2518 428 2572 mihi
467 2521 581 2573 tam
617 2517 812 2587 longae
848 2522 1068 2573 maneat
1103 2535 1231 2588 pars
1268 2518 1462 2573 ultima
1499 2519 1661 2586 vitae,

207 2592 441 2661 Spiritus
479 2597 551 2663 et,
589 2598 857 2663 quantum
893 2599 981 2649 sat
1018 2597 1127 2650 erit
1163 2598 1261 2649 tua
1296 2594 1480 2649 dicere
1516 2594 1683 2649 facta:

205 2668 256 2721 N
257 2686 327 2722 on
368 2686 458 2724 me
493 2672 822 2726 carminibus
856 2673 1038 2727 vincet
1073 2688 1175 2725 nec
1210 2670 1473 2724 Thracius
1510 2668 1775 2738 Orpheus,
1866 2685 1913 2724 55

206 2743 320 2799 Nec
345 2746 533 2815 Linus,
556 2747 683 2803 huic
706 2752 886 2802 mater
910 2748 1158 2817 quamvis
1182 2750 1352 2815 atque
1374 2745 1503 2799 huic
1530 2748 1691 2815 pater
1724 2744 1885 2811 adsit,

206 2819 412 2890 Orphei
451 2823 742 2895 Calliopea,
780 2824 918 2879 Lino
953 2825 1223 2878 formosus
1261 2823 1473 2893 Apollo,

205 2896 320 2953 Pan
355 2899 540 2967 etiam,
581 2900 823 2957 Arcadia.
857 2917 1068 2956 mecum
1106 2899 1152 2953 si
1187 2898 1367 2955 iudice
1403 2903 1596 2967 certet,

205 2972 318 3033 Pan
355 2975 526 3030 etiam
568 2978 811 3033 Arcadia.
845 2977 993 3031 dicat
1029 2992 1089 3029 se
1124 2975 1305 3031 iudice
1341 2977 1560 3030 victum.

207 3049 411 3123 Incipe,
447 3068 617 3121 parve
652 3069 806 3123 puer,
841 3054 955 3107 risu
989 3069 1320 3120 cognoscere
1354 3055 1617 3104 matrem:
1857 3064 1910 3101 oo

206 3126 377 3187 Matri
412 3128 576 3197 longa
609 3128 804 3185 decem
838 3129 1087 3183 tulerunt
1120 3127 1345 3181 fastidia
1380 3139 1628 3183 menses3
