2163 3401
149 109 209 153 96
606 106 664 153 Ρ.
709 106 1017 157 VERGILI
1061 102 1396 153 MARoNiS

150 186 431 255 Aetheria,
467 204 646 256 neque
682 187 861 241 adhuc
896 187 1209 241 crudelibus
1247 186 1475 241 occubat
1508 188 1735 257 umbris,

151 263 271 316 Non
307 267 519 329 metus;
558 264 731 317 officio
769 282 865 318 nec
902 269 960 317 te
998 270 1238 317 certasse
1277 265 1516 332 priorem

151 340 455 394 Poeniteat.
528 341 667 395 Sunt
690 345 762 398 ,et
800 342 992 395 Siculis
1032 341 1346 408 regionibus
1381 342 1546 395 urbes

151 419 425 485 Arvaque,
464 417 806 488 Troianoque
843 436 876 472 a
913 420 1174 486 sanguine
1213 412 1390 471 clarus
1429 422 1681 473 Acestes.
1787 435 1870 472 550

150 495 470 557 Quassatam
508 495 687 547 ventis
722 495 885 549 liceat
922 495 1228 549 subducere
1264 496 1507 563 classem,

149 574 222 627 Et
256 573 405 627 silvis
442 577 633 642 aptare
670 572 856 625 trabes
893 576 951 625 et
988 573 1259 639 stringere
1295 588 1490 639 remos,

148 651 205 704 Si
241 650 405 703 datur
443 650 677 717 Italiam,
718 650 875 703 sociis
913 654 971 703 et
1006 667 1139 717 rege
1176 653 1412 717 receptu,

148 726 409 792 Tendere,
448 730 512 779 ut
551 726 770 779 ltaliam
807 726 940 779 laeti
979 726 1309 794 Latiumque
1345 730 1611 793 petamus,

148 802 242 855 Sin
266 802 556 871 absumpta
580 802 737 871 saluS,
764 807 821 857 et
842 806 916 870 te,
941 807 1109 871 pater.
1124 806 1348 871 optume
1373 801 1655 868 Teucrum,
1785 814 1866 853 555

148 879 355 946 ‚Pontus
392 878 562 934 habet
599 879 817 947 Libyae,
853 895 954 932 nec
990 896 1116 947 spes
1153 878 1260 931 iam
1296 881 1470 931 restat
1508 876 1634 943 Iuli,

148 956 231 1008 At
265 956 410 1008 freta
448 954 693 1009 Sicaniae
730 956 923 1009 saltem
962 954 1234 1022 sedesque
1269 957 1506 1024 parataS,

147 1031 310 1085 Unde
346 1031 451 1085 huc
486 1031 718 1100 advecti,
754 1048 1051 1100 regemque
1087 1034 1338 1099 petamus
1375 1031 1631 1083 Acesten.

148 1107 366 1161 Talibus
407 1108 673 1173 Ilioneus3
710 1108 889 1161 cuncti
926 1107 1086 1160 simul
1123 1124 1218 1160 ore
1253 1104 1561 1159 fremebant

149 1182 509 1238 Dardanidae.
978 1196 983 1201 ·
1785 1194 1866 1233 560

216 1259 352 1313 Tum
390 1258 633 1313 breviter
671 1260 830 1328 Dido,
866 1261 1073 1314 voltum
1112 1260 1362 1326 demissa,
1399 1258 1678 1328 profatur:

148 1336 353 1389 Solvite
389 1336 557 1389 corde
592 1340 817 1403 metum,
856 1337 1065 1404 Teucri,
1104 1336 1370 1390 secludite
1406 1351 1584 1389 curas.

149 1412 260 1465 Res
298 1412 437 1465 dura
473 1416 533 1466 et
569 1412 739 1480 regni
760 1412 973 1465 novitas
1009 1429 1098 1465 me
1135 1412 1266 1465 talia
1301 1413 1503 1478 cogunt

146 1488 344 1557 Moliri,
382 1494 439 1543 et
475 1490 585 1543 late
622 1489 743 1541 finis
780 1487 1006 1541 custode
1043 1488 1201 1541 tueri.
1231 1487 1278 1549 ἰ)

148 1566 279 1629 Quis
302 1582 473 1633 genus
500 1565 840 1632 Aeneadum,
868 1564 990 1632 quis
1016 1564 1209 1618 Troiae
1234 1564 1442 1617 nesciat
1464 1563 1674 1631 urbem,
1780 1576 1860 1616 565

147 1640 507 1711 Virtutesque
544 1641 813 1711 virosque,
850 1645 947 1694 aut
982 1641 1126 1694 tanti
1163 1640 1416 1693 incendia
1449 1639 1613 1693 bellil

146 1719 269 1771 Non
305 1719 541 1771 obtunsa
576 1719 712 1771 adeo
747 1721 1027 1784 gestamus
1063 1724 1286 1786 pectora
1324 1717 1505 1784 Poeni,

146 1795 262 1848 Nec
296 1798 411 1848 tam
446 1811 669 1848 aversus
706 1811 875 1863 equos
913 1795 1075 1862 Tyria
1112 1795 1204 1848 Sol
1241 1794 1418 1861 iungit
1453 1793 1524 1846 ab
1560 1791 1712 1846 urbe.

146 1871 255 1924 Seu
288 1887 383 1923 vos
422 1871 745 1938 Hesperiam
782 1887 1035 1938 magnam
1074 1871 1440 1938 Saturniaque
1475 1884 1620 1936 arva,

146 1946 270 1999 Sive
307 1947 493 2014 Erycis
529 1948 653 2000 finis
690 1964 986 2014 regemque
1026 1947 1230 2016 optatis
1269 1947 1524 2012 Acesten,
1675 2015 1683 2022 -
1779 1960 1863 2000 570

146 2023 368 2075 Auxilio
406 2026 555 2076 tutos
592 2023 882 2090 dimittam,
922 2023 1227 2092 opibusque
1265 2023 1474 2076 iuvabO.

146 2098 325 2152 Voltis
359 2102 418 2152 ct
453 2099 540 2152 his
576 2116 788 2153 mecum
823 2101 1033 2167 pariter
1070 2099 1352 2153 considere
1388 2100 1604 2166 regnis?

146 2175 353 2229 Urbem
390 2193 555 2244 quam
592 2180 789 2242 statu0,
827 2181 1011 2230 vestra
1047 2181 1163 2241 est;
1207 2175 1493 2229 subducite
1528 2177 1683 2231 navis
1696 2197 1712 2242 ;

146 2251 279 2305 Tros
316 2252 617 2321 Tyriusque
653 2252 784 2305 mihi
822 2253 968 2306 nullo
1006 2253 1316 2306 discrimine
1353 2256 1559 2319 agetur.

147 2330 336 2395 Atque
372 2328 580 2381 utinam
618 2345 717 2382 rex
754 2329 869 2396 ipse
907 2329 1056 2383 Noto
1095 2329 1402 2396 compulsus
1437 2329 1630 2381 eodem
1779 2341 1863 2394 575

144 2403 383 2458 Adforet
421 2404 666 2458 Aeneas!
716 2405 986 2473 Equidem
1024 2423 1126 2474 per
1162 2405 1325 2458 litora
1361 2407 1539 2458 certos

143 2479 433 2534 Dimittam
470 2484 528 2534 et
566 2481 769 2548 Libyae
807 2481 1042 2535 lustrare
1080 2485 1330 2535 extrema
1367 2479 1580 2547 iubebo,

142 2555 199 2610 Si
235 2557 431 2626 quibus
471 2558 677 2610 eiectus
714 2557 861 2610 silvis
900 2562 995 2611 aut
1031 2557 1262 2610 urbibus
1301 2560 1460 2610 errat.

211 2633 315 2686 His
352 2635 591 2687 animum
628 2633 827 2687 arrecti
866 2633 1025 2688 dictis
1066 2638 1124 2687 et
1160 2634 1318 2687 fortis
1357 2633 1598 2686 Achates

140 2708 214 2761 Et
249 2713 408 2776 pater
448 2714 663 2764 Aeneas
700 2711 1020 2765 iamdudum
1059 2726 1348 2778 erumpere
1384 2708 1584 2762 nubem
1781 2724 1866 2764 580

142 2783 447 2838 Ardebant.
526 2786 681 2838 Prior
722 2788 948 2840 Aenean
985 2787 1278 2855 compellat
1317 2784 1588 2838 Achates:

138 2857 285 2910 Nate
324 2859 441 2925 dea,
480 2877 621 2927 quae
655 2877 795 2914 nunc
832 2863 1011 2916 animo
1048 2862 1321 2916 sententia
1358 2860 1564 2927 surgit?

140 2932 337 2984 Omnia
372 2937 495 2987 tuta
530 2935 697 3002 videS,
734 2936 959 2992 classem
996 2939 1281 3007 sociosque
1318 2940 1585 3004 receptos.

138 3007 295 3061 Unus
332 3007 504 3074 abest,
542 3009 725 3063 medio
760 3011 816 3064 in
853 3014 1022 3068 fluctu
1058 3032 1223 3082 quem
1263 3013 1496 3066 vidimus
1532 3011 1639 3080 ipsi

138 3081 525 3148 Submersun1;
569 3083 730 3138 dictis
765 3090 1104 3158 respondent
1139 3095 1324 3144 cetera
1359 3086 1566 3142 matris
1783 3103 1865 3142 585

139 3155 251 3210 Vix
285 3173 351 3211 ea
383 3158 530 3214 fatus
566 3164 700 3225 erat,
738 3178 859 3216 cum
895 3165 1222 3219 circumfusa
1254 3167 1484 3234 repente
