2163 3401
754 87 1124 135 AENEIDOS
1162 87 1300 137 LIB.
1338 88 1409 139 X.
1859 92 1950 137 280

250 178 399 230 Aere
434 178 601 243 caput
635 174 864 242 fulgens,
899 174 1176 243 cristaque
1211 176 1456 232 hirsutus
1492 177 1708 247 equina.

246 252 335 305 Sic
357 268 578 305 cursum
602 250 660 303 in
684 249 895 303 medios
918 250 1145 319 rapidus
1169 251 1340 308 dedit.
1391 256 1630 308 Aestuat
1652 253 1844 321 ingens
1880 268 1954 307 sm

247 329 371 382 Uno
408 328 467 381 in
502 326 667 381 corde
702 326 882 395 pudor
916 328 1204 396 mixtoque
1238 330 1448 384 insania
1481 330 1645 396 luctu,

245 404 345 474 [Et
378 404 537 457 furiis
571 403 814 471 agitatus
849 420 1003 457 amor
1037 406 1097 457 et
1131 406 1346 459 conscia
1379 404 1592 474 virtus]

247 484 439 551 Atque
472 481 563 534 hic
600 482 829 543 Aenean
864 496 1063 548 magna
1097 484 1187 534 ter
1221 498 1350 536 voce
1386 483 1613 537 vocavit.

248 561 467 612 Aeneas
502 557 764 623 adgnovit
802 556 960 620 enim,
994 556 1282 626 laetusque
1317 561 1599 627 precatur:

248 635 339 689 Sic
371 637 537 703 pater
570 633 665 686 ille
701 632 867 686 deum
901 632 1079 699 faciat,
1117 634 1194 687 sic
1229 634 1374 688 altus
1410 634 1634 703 Apollo!
1885 650 1953 691 87,-

252 710 489 779 Incipias
524 709 771 763 conferre
806 725 1041 763 manum.

248 787 485 840 Tantum
521 785 730 849 effatus,
766 788 824 839 et
859 784 1059 839 infesta
1095 786 1248 840 subit
1281 786 1472 841 obvius
1506 786 1680 840 hasta.

254 863 354 917 Ille
390 866 610 917 autem:
650 860 795 925 Quid
829 876 921 914 me
956 864 1164 929 erepte,
1203 862 1528 926 saevissime,
1562 865 1692 915 nato

247 939 477 994 Tei-resi
529 938 665 991 haee
700 936 789 989 via
824 936 941 990 sola
975 936 1094 1003 fuit,
1133 954 1242 1005 qua
1275 938 1510 1006 perdere
1544 952 1745 1005 posses.

249 1015 299 1068 N
306 1032 369 1069 ec
403 1017 640 1068 mortem
675 1012 981 1081 horremus,
1016 1030 1118 1067 nee
1152 1014 1336 1067 divom
1372 1014 1642 1083 parcimus
1677 1012 1790 1067 ulli.
1885 1026 1958 1064 seo

250 1092 487 1145 Desine:
524 1106 652 1143 nam
688 1090 847 1143 venio
882 1089 1198 1157 moriturus,
1223 1093 1282 1144 et
1317 1090 1450 1144 haee
1483 1089 1589 1143 tibi
1623 1092 1784 1159 porto

250 1167 409 1221 Dona
442 1166 611 1235 prius.
681 1165 857 1233 Dixit,
894 1166 1178 1234 telumque
1214 1167 1435 1222 intorsit
1470 1167 1526 1221 in
1561 1166 1812 1230 hostem3

249 1244 395 1297 Inde
428 1243 581 1297 aliud
616 1258 782 1311 super
814 1245 983 1310 atque
1018 1242 1170 1295 aliud
1204 1242 1450 1311 figitque,
1487 1243 1743 1311 volatque

249 1319 474 1389 Ingenti
508 1335 671 1387 gyro3
707 1317 806 1371 sed
844 1319 1079 1372 sustinet
1115 1335 1314 1372 aureus
1348 1320 1529 1373 umbe.
1835 1364 1841 1369 .

248 1397 357 1450 Ter
393 1396 597 1449 circum
631 1393 943 1447 adstantem
979 1394 1160 1448 laevos
1197 1395 1468 1462 equitavit
1501 1395 1560 1447 in
1595 1395 1759 1461 orbis,
1885 1409 1960 1447 885

249 1472 383 1526 Tela
416 1487 583 1523 manu
614 1470 843 1534 iacieus;
879 1472 968 1523 ter
1004 1487 1188 1524 seeum
1227 1471 1420 1523 Troius
1456 1470 1618 1525 heros

254 1549 539 1603 Inmanem
574 1550 763 1600 aerato
798 1546 1119 1600 circumfert
1149 1546 1391 1614 tegmine
1428 1546 1632 1599 silvam.

258 1624 397 1678 Inde
430 1622 527 1676 ubi
562 1626 648 1677 tot
684 1622 918 1675 traxisse
952 1638 1148 1691 moras,
1184 1626 1272 1676 tot
1307 1622 1512 1690 spicula
1546 1622 1734 1676 taedet

257 1702 491 1766 Vellere,
526 1703 587 1754 et
620 1703 890 1767 urguetur
926 1716 1112 1768 pugna
1145 1717 1468 1768 congressus
1503 1699 1704 1768 iniqua,

253 1777 435 1832 Multa
470 1792 692 1830 movens
720 1775 901 1835 animo
930 1776 1037 1829 iam
1067 1775 1292 1830 tandem
1331 1777 1588 1846 erumpit,
1621 1780 1682 1830 et
1707 1776 1853 1829 inter
1887 1791 1960 1830 suo

253 1853 547 1908 Bellatoris
582 1851 711 1919 equi
744 1867 877 1904 cava
912 1855 1160 1920 tempora
1198 1853 1416 1907 coniicit
1450 1853 1675 1907 hastam.

252 1930 423 2003 Tollit,
457 1946 517 1982 se
552 1931 825 1982 arrectum
862 1927 1192 1997 quadrupes,
1227 1934 1286 1984 et
1321 1930 1559 1984 calcibus
1593 1946 1752 1984 auras

253 2005 548 2072 Verberat,
584 2004 925 2072 effusumque
962 2005 1206 2073 equitem
1241 2024 1406 2076 super
1440 2008 1558 2076 ipse
1593 2010 1813 2061 secutus

254 2082 507 2151 Inplicat‚
544 2081 831 2148 eiectoque
866 2080 1134 2135 incumbit
1169 2099 1401 2136 cernuus
1435 2099 1606 2137 armos
1673 2129 1680 2136 .
1725 2131 1732 2135 .

254 2158 506 2213 Clamore
542 2157 842 2210 incendunt
877 2157 1088 2210 eaelum
1125 2158 1402 2226 Troesque
1439 2157 1752 2227 Latinique.
1887 2173 1961 2213 895

254 2234 503 2289 Advolat
542 2234 777 2298 AeneaS,
814 2233 1118 2301 vaginaque
1155 2234 1322 2302 eripit
1358 2249 1556 2299 ensem,

254 2311 329 2364 Et
364 2325 531 2378 super
566 2308 729 2362 haec:
767 2307 878 2362 Ubi
915 2326 1059 2362 nunc
1095 2309 1404 2364 Mezentius
1441 2325 1582 2376 acer,
1621 2311 1680 2362 et
1714 2308 1810 2362 illa

254 2387 439 2440 Effera
472 2385 555 2440 vis
589 2384 789 2438 animi?
852 2385 1058 2439 Contra
1095 2386 1422 2454 Tyrrhenus,
1459 2389 1524 2440 ut
1560 2402 1718 2439 auras

254 2461 568 2531 Suspiciens
602 2460 787 2514 hausit
821 2460 1045 2528 caelum,
1080 2467 1432 2531 mentemque
1471 2462 1708 2531 recepit:

257 2539 451 2592 Hostis
486 2554 687 2604 amare,
722 2536 858 2605 quid
893 2538 1188 2605 increpitas
1225 2543 1567 2608 mortemque
1599 2536 1854 2590 minaris?
1889 2551 1963 2589 900

255 2614 483 2668 Nullum
518 2613 575 2665 in
610 2611 777 2666 caede
811 2614 993 2678 nefa-‘³3
1030 2631 1131 2668 nec
1169 2616 1246 2669 sie
1279 2613 1352 2668 ad
1387 2613 1598 2682 proelia
1632 2613 1786 2678 veni3

254 2691 305 2744 N
310 2707 375 2744 ec
408 2693 594 2743 tecum
628 2705 785 2742 meus
820 2688 955 2743 haec
990 2691 1204 2758 pepigit
1239 2690 1372 2743 mihi
1407 2689 1632 2744 foedera
1668 2689 1892 2742 Lausus.

254 2766 441 2820 Unum
475 2765 593 2832 hoc,
626 2781 741 2833 per,
779 2765 825 2818 si
860 2781 970 2832 qua
1004 2769 1092 2820 est
1127 2767 1286 2821 vietis
1322 2766 1478 2821 venia
1511 2765 1779 2834 hostibus,
1817 2781 1946 2821 oro:

255 2843 471 2911 Corpus
504 2841 673 2894 humo
708 2841 920 2909 patiare
956 2843 1087 2910 tegi.
1159 2843 1282 2900 Scio
1317 2843 1512 2897 acerba
1545 2857 1790 2896 meorum

256 2919 627 2974 Circumstare
661 2917 815 2972 odia:
852 2919 1012 2986 hune,
1049 2936 1161 2986 ore,
1197 2919 1434 2973 defende
1469 2920 1710 2972 furorem
1725 2939 1739 2984 ;
1827 2941 1830 2946 ·
1891 2932 1964 2971 905

254 2995 331 3050 Et
364 3011 455 3048 me
490 2998 797 3048 consortem
833 2996 951 3047 nati
986 2995 1222 3049 concede
1260 2995 1559 3063 sepulchro.

256 3073 415 3124 Haec
449 3070 707 3138 loquitur,
744 3068 1041 3135 iuguloque
1075 3071 1228 3123 haud
1263 3069 1463 3136 inscius
1497 3069 1694 3137 accipit
1723 3084 1932 3131 ensem,

255 3146 619 3213 Undantique
654 3143 891 3196 animam
927 3144 1187 3198 diffundit
1217 3145 1276 3199 in
1311 3161 1464 3199 arma
1496 3160 1702 3199 cruore.
1735 3187 1770 3194 ..
1801 3187 1806 3192 .

277 3212 411 3362 ob
432 3231 541 3362 ἢῆ
