2163 3401
818 79 1186 129 AENEIDOS
1231 79 1368 128 LlB.
1419 80 1463 128 1.
1949 80 2010 129 87

292 162 680 231 Ductor-esque
714 161 863 229 ipsos
900 159 1153 229 primum,
1189 160 1369 228 capita
1405 160 1518 213 alta
1551 159 1780 214 ferentis

292 237 567 293 Cornibus
602 236 859 299 arboreis,
898 236 1112 304 sternit,
1147 238 1268 289 tum
1305 236 1511 304 volgus,
1549 240 1606 290 et
1641 252 1857 290 omnem
1939 250 2012 289 ιω

291 314 497 367 Miscet
530 329 699 379 agens
735 312 861 365 telis
896 328 1122 365 nemora
1154 312 1300 366 inter
1335 312 1564 365 frondea
1599 312 1848 379 turbam3

290 390 415 443 Nec
448 389 601 457 prius
636 386 873 456 absistit,
911 405 1077 456 quam
1113 392 1326 459 septem
1363 388 1608 456 ingentia
1644 390 1815 443 victor

291 465 539 534 Corpora
562 463 761 517 fundat
785 463 937 517 humi
962 467 1021 517 et
1044 481 1334 518 numerum
1359 481 1482 518 cum
1509 464 1740 518 navibus
1762 467 1978 534 aequet.

292 542 445 595 Hinc
479 543 701 609 portum
738 540 899 609 petit,
934 544 993 594 et
1027 541 1198 593 socios
1232 542 1474 609 partitur
1508 541 1564 594 in
1598 541 1788 595 omniS.

291 618 443 671 Vina
477 616 654 670 bonus
690 633 833 685 quae
870 616 1071 669 deinde
1109 616 1259 670 cadis
1293 620 1550 671 onerarat
1587 620 1818 671 Acestes
1938 633 2012 673 195

292 694 487 748 Litore
524 693 800 746 Trinacrio
837 692 1180 761 dederatque
1216 692 1550 747 abeuntibus
1578 693 1754 761 heros,

292 768 526 834 Dividit,
564 773 621 823 et
657 768 819 823 dictis
857 770 1158 823 maerentia
1190 773 1414 837 pectora.
1449 770 1677 825 mulcet:

366 845 414 899 Ο
443 846 831 913 socii,—neque
854 846 1000 900 enim
1023 846 1200 913 ignari
1225 862 1411 900 sumus
1433 850 1563 902 ante
1586 847 1925 901 malorum—-

294 922 347 975 Ο
382 922 530 991 passi
564 922 828 990 graviora,
866 921 1024 975 dabit
1060 922 1199 975 deus
1236 923 1322 976 his
1359 940 1578 992 quoque
1613 924 1790 977 finem.

295 999 415 1051 Vos
452 1001 511 1051 et
546 998 843 1067 Scyllaeam
878 998 1090 1052 rabiem
1125 999 1451 1067 penitusque
1487 999 1727 1055 sonantis
1933 1014 2010 1055 200

295 1075 552 1129 Aecestis
586 1074 849 1143 scopulos,
886 1092 981 1129 vos
1018 1077 1076 1127 et
1115 1074 1368 1145 Cyclopia
1403 1092 1534 1130 saxa

293 1150 559 1219 Experti:
600 1154 854 1205 revocate
888 1152 1113 1216 animos,
1149 1155 1526 1220 maestumque
1563 1154 1817 1209 timorem

294 1226 539 1282 Mittite:
580 1228 763 1293 forsan
801 1230 861 1281 et
893 1226 1028 1281 haec
1064 1228 1192 1293 olim
1230 1228 1539 1283 meminisse
1571 1230 1796 1284 iuvabit.

297 1304 411 1357 Per
445 1304 625 1357 varios
660 1320 831 1371 casus,
865 1320 965 1373 per
1002 1307 1091 1357 tot
1126 1303 1440 1357 discrimina
1475 1322 1658 1359 rerum

296 1379 597 1435 Tendimus
629 1380 687 1433 in
725 1380 958 1446 Latium,
997 1379 1158 1433 sedes
1193 1379 1288 1433 ubi
1323 1381 1436 1434 fata
1474 1381 1688 1449 quietas
1933 1397 2009 1437 τοῦ

296 1457 649 1522 Ostendunt3
685 1457 795 1511 illic
829 1458 913 1510 fas
947 1474 1119 1525 regna
1153 1474 1443 1525 resurgere
1481 1458 1687 1512 Troiae.

294 1534 525 1601 Durate,
564 1538 622 1588 et
658 1537 869 1587 vosmet
904 1534 1070 1587 rebus
1109 1538 1324 1587 servato
1363 1534 1626 1587 secundis.

367 1610 519 1664 Talia
554 1627 685 1664 voce
719 1610 906 1677 refert,
922 1670 927 1675 ⁶
944 1609 1199 1678 curisque
1234 1609 1548 1678 ingentibus
1583 1628 1748 1681 aeger

295 1688 463 1757 Spem
499 1687 651 1742 voltu
666 1686 919 1755 simulat,
958 1686 1162 1756 premit
1197 1687 1370 1742 altum
1408 1686 1571 1742 eorde
1608 1688 1865 1744 dolorem.

295 1765 388 1818 Illi
425 1783 485 1820 se
518 1765 759 1834 praedae
794 1765 1088 1834 accingunt
1125 1764 1465 1834 dapibusque
1501 1767 1724 1820 fut-uris:
1933 1781 2010 1822 κιο

294 1841 541 1911 Tergora
574 1842 857 1912 deripiunt
893 1842 1059 1896 costis
1097 1845 1157 1896 et
1191 1842 1399 1896 viscera
1433 1843 1674 1907 nudant;

295 1920 435 1973 Pars
467 1920 525 1972 in
560 1920 736 1973 frusta
771 1923 959 1973 secant
993 1917 1324 1987 veribusque
1360 1921 1652 1972 trementia
1686 1920 1863 1987 figunt
1875 1939 1892 1984 ;

294 1995 483 2050 Litore
520 2013 655 2050 aena
688 1996 871 2051 locant
906 1996 1012 2063 alii,
1048 1995 1404 2064 flammasque
1444 1995 1772 2049 minist-rant.

295 2071 433 2126 Tum
469 2071 621 2127 victu
654 2076 911 2126 revocant
947 2073 1093 2140 viris,
1133 2073 1350 2141 fusique
1387 2090 1487 2142 per
1519 2072 1745 2126 herbam

294 2149 590 2218 Inplentur
623 2150 826 2203 veteris
864 2149 1066 2202 Bacchi
1103 2150 1430 2218 pinguisque
1469 2148 1689 2201 ferinae.
1933 2162 2008 2202 215

294 2226 595 2295 Postquam
633 2230 889 2294 exempta
923 2226 1098 2279 fames
1136 2227 1310 2294 epulis
1347 2240 1676 2294 mensaeque
1711 2228 1972 2291 remotae,

293 2302 546 2355 Amissos
579 2302 739 2370 longo
777 2302 949 2356 socios
988 2319 1238 2355 sermone
1276 2302 1582 2372 requirunt,

294 2379 572 2448 Spemque
607 2384 925 2448 metumque
961 2380 1109 2434 inter
1147 2379 1312 2444 dubii,
1351 2397 1449 2434 seu
1485 2380 1666 2433 vivere
1702 2377 1948 2445 credant,

294 2456 423 2510 Sive
458 2460 709 2510 extrema
744 2456 861 2525 pati
898 2473 999 2512 nee
1033 2457 1142 2510 iam
1181 2458 1438 2520 exaudire
1474 2458 1704 2510 vocatos,

294 2533 599 2602 Praecipue
634 2534 760 2603 pius
801 2535 1019 2588 Aeneas
1054 2551 1196 2589 nunc
1235 2534 1374 2587 acris
1413 2531 1626 2598 Oronti,
1935 2544 2008 2583 220

295 2609 457 2663 Nunc
494 2611 691 2678 Amyci
728 2627 913 2664 casum
949 2611 1122 2678 gemit
1157 2613 1218 2663 et
1251 2607 1496 2663 crudelia
1530 2621 1712 2660 secum

296 2684 438 2738 Fata
474 2685 619 2754 Lyci,
653 2687 965 2756 fortemque
1004 2687 1175 2755 Gyan,
1214 2687 1520 2752 fortemque
1559 2679 1898 2736 Cloanthum.

365 2761 440 2815 Et
472 2763 583 2816 iam
619 2763 741 2816 finis
778 2769 913 2830 erat,
949 2780 1071 2817 cum
1112 2762 1363 2831 Iuppiter
1398 2759 1620 2813 aethere
1656 2771 1868 2810 summo

294 2837 617 2910 Despiciens
650 2855 804 2892 mare
838 2839 1126 2893 velivolum
1163 2843 1450 2904 terrasque
1485 2835 1712 2890 iacentis

292 2914 597 2984 Litoraque
635 2922 693 2969 et
728 2916 869 2970 latos
906 2916 1148 2984 populos,
1187 2915 1262 2967 sic
1297 2912 1503 2966 vertice
1539 2911 1672 2966 caeli
1933 2922 2007 2962 m

295 2991 562 3046 Constitit
600 2996 657 3046 et
694 2991 901 3059 Libyae
936 2990 1132 3043 defixit
1165 2989 1366 3041 lumina
1401 2989 1599 3056 regniS.

298 3069 491 3137 Atque
526 3067 681 3121 illum
717 3066 844 3121 talis
879 3067 1176 3119 iactantem
1211 3068 1436 3132 pectore
1471 3077 1628 3115 curas

296 3144 532 3200 Tristior
566 3147 627 3199 et
660 3142 898 3199 lacrimis
932 3139 1116 3194 oeulos
1149 3139 1353 3192 suffusa
1386 3136 1614 3190 nitentis
