2163 3401
869 80 1239 131 AENEIDOS
1272 82 1413 133 LIB.
1452 81 1547 131 VI.
1972 84 2061 133 182¹

352 156 658 213 Praeterea
689 159 836 213 iacet
871 158 1180 217 exanimum
1216 162 1319 218 tibi
1353 180 1551 233 corpus
1586 162 1815 217 aulici—-

353 234 490 290 Heu
523 234 1056 305 nescis—totamque
1089 238 1327 294 incestet
1360 240 1555 293 funere
1590 238 1833 307 classem,
1996 252 2069 293 ιω

352 310 504 364 Dum
541 312 784 364 consulta
819 313 962 379 petis
999 316 1301 382 nostroque
1334 316 1391 368 in
1426 315 1613 369 limine
1646 316 1867 385 pendes.

351 386 590 440 Sedibus
625 387 769 441 hunc
805 388 951 442 refer
987 394 1118 443 ante
1157 391 1269 443 suis
1299 394 1367 445 'ct
1401 392 1575 447 conde
1612 392 1905 459 sepulchro.

351 463 482 515 Due
516 464 700 530 nigras
733 464 1001 532 pecudes;
1043 482 1111 519 ca
1145 465 1323 534 prima
1357 467 1569 535 piacula
1602 471 1773 521 sunto,

349 539 448 594 Sic
484 539 702 593 demum
737 541 886 594 lucos
929 541 1113 609 Stygis
1152 546 1213 597 et
1247 560 1417 611 regna
1449 544 1595 597 invia.
1626 543 1761 596 vivis

351 616 622 685 Aspicies,
695 616 865 684 Dixit,
901 634 1202 687 pressoque
1238 620 1512 675 obmutuit
1546 636 1652 673 ore.
1998 634 2071 675 155

430 695 647 747 Aeneas
685 698 896 747 maesto
935 693 1152 748 defixus
1190 695 1393 751 lumina
1427 697 1577 749 voltu

351 768 694 837 Ingreditur,
731 769 984 838 linquens
1023 774 1259 841 antrum,
1296 788 1591 842 caecosque
1626 772 1837 825 volutat

349 846 600 899 Eventus
635 846 814 899 animo
851 864 1050 901 secum.
1126 847 1227 902 Oui
1262 849 1406 903 fidus
1443 848 1687 903 Achates

349 923 419 975 It
453 937 646 989 comeS,
687 925 744 975 et
779 922 1004 990 paribus
1043 924 1188 979 curis
1226 925 1461 993 vestigia
1496 925 1629 992 figit.

347 998 539 1052 Multa
572 996 719 1052 inter
755 1015 876 1052 sese
912 1000 1062 1053 vario
1102 1016 1353 1054 sermone
1388 1000 1657 1070 serebant,
1998 1013 2071 1053 1oe

349 1076 535 1140 Quem
564 1074 767 1128 socium
800 1076 1105 1129 exanimem
1135 1080 1303 1142 vates,
1340 1076 1487 1145 quod
1516 1091 1711 1145 eorpus
1735 1073 2071 1129 humandum

347 1152 593 1205 Diceret.
670 1153 860 1219 Atque
894 1151 974 1205 illi
1012 1152 1291 1207 Misenum
1326 1153 1382 1205 in
1416 1152 1581 1206 litore
1616 1153 1768 1221 sicce,

349 1228 442 1281 Ut
475 1244 689 1296 venere,
726 1227 918 1282 vident
954 1228 1183 1296 indigna
1220 1233 1397 1283 morte
1432 1234 1793 1298 peremptum,

351 1304 635 1358 Misenum
674 1304 959 1369 Aeoliden,
1006 1321 1113 1373 quo
1151 1322 1259 1359 non
1295 1306 1663 1373 praestantior
1698 1306 1839 1359 alter

349 1382 512 1435 Aere
544 1381 686 1434 ciere
721 1380 879 1448 viros,
923 1380 1273 1450 Martemque
1312 1381 1611 1435 accendere
1644 1385 1822 1435 cantu.
1999 1394 2073 1435 1⁶6

349 1457 616 1511 Hectoris
650 1456 738 1511 hie
773 1458 955 1525 magni
993 1458 1175 1511 fuerat
1212 1475 1408 1524 comes,
1452 1458 1695 1510 Hectora
1730 1456 1932 1510 circum

351 1535 435 1588 Et
467 1534 600 1588 lituo
638 1551 846 1603 pugnas
883 1532 1109 1602 insignis
1148 1533 1335 1587 obibat
1374 1536 1433 1587 et
1467 1533 1638 1585 hasta.

352 1612 658 1679 Postquam
693 1610 846 1665 illum
885 1612 998 1663 vita
1033 1612 1207 1664 victor
1246 1609 1499 1679 spoliavit
1537 1609 1795 1676 Achilles,

351 1686 636 1742 Dardanio
677 1690 898 1742 Aeneae
937 1682 1076 1742 scse'·
1095 1687 1423 1742 fortissimus
1459 1686 1617 1740 heros

353 1764 676 1819 Addiderat
714 1767 933 1833 socium,
971 1782 1077 1819 non
1113 1765 1373 1820 inferiora
1411 1767 1638 1817 secutus.
1999 1776 2073 1816 170

353 1841 472 1896 Sed
507 1845 638 1910 tum,
676 1842 818 1896 forte
857 1858 987 1896 cava
1025 1841 1159 1895 dum
1196 1844 1459 1909 personat
1494 1856 1733 1908 aequora
1766 1838 1979 1904 concha,

353 1919 613 1986 Demeae,
653 1922 712 1973 et
746 1922 910 1973 cantu
947 1922 1107 1972 vocat
1140 1919 1195 1971 in
1234 1917 1533 1971 certamina
1570 1916 1733 1983 divos,

353 1995 627 2050 Aemulus
665 2000 956 2064 exceptum
995 1995 1203 2062 Triton,
1242 1994 1287 2047 si
1324 1993 1551 2048 credere
1590 1992 1815 2061 dignum
1852 1995 1952 2056 est,

355 2072 518 2125 Inter
555 2088 686 2125 saxa
723 2073 898 2125 virum
940 2089 1193 2141 spumosa
1231 2071 1558 2124 inmerserat
1592 2069 1750 2123 unda.

355 2147 507 2215 Ergo
542 2164 729 2204 onmes
765 2165 962 2216 magno
999 2148 1203 2201 circum
1240 2147 1473 2200 clamore
1510 2144 1831 2204 fremebant„
2001 2157 2073 2197 175

356 2225 661 2294 Praecipue
696 2226 818 2293 pius
858 2228 1093 2280 Aeneas,
1165 2225 1303 2277 Tum
1339 2223 1487 2276 iussa
1524 2220 1770 2287 Sibyllae,

355 2302 530 2356 Haud
549 2319 732 2370 mora,
771 2303 1039 2358 festinant
1075 2303 1286 2367 flenteS,
1328 2313 1589 2366 aramque
1624 2296 1893 2364 sepulchri

355 2378 670 2446 Congererc
707 2378 995 2450 arboribus
1033 2379 1291 2446 caeloque
1330 2375 1565 2428 educere
1602 2375 1829 2428 certant.

355 2456 486 2509 Itur
518 2457 575 2508 in
611 2456 894 2525 antiquam
933 2455 1138 2522 silvam,
1154 2469 1163 2476 ·
1179 2453 1395 2508 stabula
1433 2451 1547 2506 alta
1582 2451 1838 2514 ferarum,

355 2532 732 2586 Procumbunt
768 2533 968 2601 piceae,
1009 2535 1165 2584 sonat
1200 2531 1311 2584 icta
1348 2526 1625 2584 securibus
1658 2526 1783 2593 ilex,
2000 2539 2075 2577 18⁰

355 2609 770 2678 Fraxineaeque
807 2609 996 2662 trabes
1033 2607 1220 2662 cuneis
1258 2610 1315 2660 ct
1350 2605 1517 2658 fissile
1551 2601 1721 2656 robur

355 2685 652 2753 Scinditur,
691 2685 988 2740 advolvunt
1025 2683 1264 2752 ingentis
1302 2679 1577 2734 montibus
1614 2693 1787 2731 ornos·

355 2761 409 2814 N
413 2778 477 2815 ec
511 2775 619 2814 non
659 2765 878 2816 Aeneas
917 2777 1083 2830 opera
1124 2759 1270 2813 inter
1306 2758 1441 2812 talia
1475 2755 1683 2825 primus

358 2836 634 2893 Hortatur
667 2837 857 2903 socios,
895 2831 1229 2906 paribusque
1268 2833 1571 2902 accingitur
1608 2831 1783 2886 armis·

359 2917 554 2986 Atque
587 2916 724 2969 haec
758 2915 880 2982 ipse
915 2931 1012 2966 suo
1048 2912 1198 2966 tristi
1235 2929 1358 2966 cum
1395 2910 1559 2964 corde
1596 2907 1823 2972 volutat,
2000 2916 2073 2954 185

360 2992 712 3062 Adspectans
749 2991 940 3044 silvam
974 2990 1291 3053 inmensam,
1328 2989 1387 3038 et
1424 2985 1499 3038 sic
1534 3000 1665 3036 voce
1698 2983 1981 3049 precatur:

361 3068 420 3123 Si
457 3085 603 3124 nunc
640 3083 700 3120 se
733 3065 890 3120 nobis
924 3065 1016 3117 ille
1053 3079 1253 3116 aureus
1288 3060 1483 3113 arbore
1517 3073 1702 3111 ramus

363 3143 640 3200 Ostendat
675 3156 898 3195 nemore
933 3139 991 3192 in
1027 3141 1212 3192 tanto!
1260 3135 1475 3204 quando
1514 3133 1691 3186 omnia
1725 3145 1854 3192 vere
1880 3203 1897 3206 —
