2163 3401
742 112 1110 163 AENEIDOS
1143 114 1284 163 LIB.
1320 112 1424 163 lx,
1847 116 1941 163 259

237 202 558 272 Increpuit}
605 202 856 270 sequitur
891 204 1111 270 clamor,
1148 202 1467 272 caelumque
1501 204 1757 273 remugit.

236 279 574 334 'Adcelerant
608 284 732 332 acta
765 281 976 348 pariter
1010 280 1294 333 testudine
1330 280 1544 347 Volsci3
1868 296 1943 337 ωε

233 356 306 410 Et
342 356 518 409 fossas
553 354 762 423 inplere
798 358 996 423 parant
1031 372 1095 408 ac
1134 355 1334 409 vellere
1370 356 1591 411 vallum.

233 432 518 496 Quaerunt
553 447 680 499 pars
715 431 945 495 aditum,
983 434 1042 485 et
1076 431 1237 485 scalis
1270 432 1567 486 ascendere
1602 449 1795 491 muros

232 508 352 573 Qua
386 524 513 561 rara
549 510 635 561 est
669 507 812 561 acies
845 507 1251 575 interlucetque
1287 523 1487 562 corona

231 585 280 637 N
284 601 356 638 on
393 587 512 638 tam
549 583 724 650 spissa
757 584 906 637 viris.
977 584 1231 638 Telorum
1268 584 1549 638 effundere
1584 588 1775 639 eontra

231 660 408 715 Omne
443 668 618 727 genus
655 660 848 714 Teucri
883 676 948 713 ac
982 661 1139 713 duris
1174 660 1475 715 detrudere
1510 660 1699 724 contis,
1862 676 1937 717 510

232 736 472 791 Adsueti
510 738 672 805 longo
707 752 894 790 muros
929 736 1229 790 defendere
1265 736 1427 790 benc.

228 812 374 866 Saxa
412 828 630 881 quoque
663 812 868 865 infesto
891 811 1197 865 volvebant
1230 811 1489 880 pondere,
1526 812 1571 865 si
1608 828 1718 881 qua

231 888 466 942 Possent
500 891 702 942 tectam
739 888 912 941 aciem
946 903 1321 956 perrumpere,
1356 903 1480 939 cum
1516 891 1702 941 tamen
1738 891 1914 943 omnis

230 964 400 1017 Ferre
438 963 590 1017 iuvat
626 962 818 1017 subter
853 963 1025 1017 densa
1059 963 1341 1016 testudine
1375 979 1544 1016 casus.

229 1039 346 1094 Nec
381 1040 492 1093 iam
528 1039 819 1093 sufficiunt.
888 1039 1030 1091 Nam
1067 1055 1179 1107 qua
1210 1037 1404 1105 globus
1438 1038 1689 1093 imminet
1721 1040 1929 1107 ingens,

232 1116 514 1171 Inmanem
551 1115 744 1169 Teucri
780 1114 980 1168 molem
1015 1114 1349 1181 volvuntque
1383 1118 1676 1183 ruuntque,

229 1192 380 1256 Quae
417 1190 615 1245 stravit
653 1190 889 1245 Rutulos
923 1190 1051 1256 late,
1087 1205 1473 1259 armorumque
1508 1190 1735 1245 resolvit

228 1268 504 1337 Tegmina.
575 1267 627 1320 N
630 1284 694 1321 ec
728 1269 923 1320 curant
957 1282 1120 1320 eaceo
1156 1265 1489 1320 contendere
1525 1266 1706 1320 Marte

229 1344 486 1414 Amplius
519 1342 757 1396 audaces
796 1341 1005 1410 Rutuli,
1042 1341 1141 1395 sed
1176 1341 1384 1410 pellere
1417 1340 1558 1395 vallo

227 1419 532 1473 Missilibus
568 1423 798 1473 certant.
1854 1434 1927 1473 ⁵20

227 1496 394 1549 Parte
431 1494 538 1548 alia
571 1495 880 1549 horrendus
919 1496 1038 1549 visu
1073 1493 1372 1562 quassabat
1409 1494 1695 1547 Etruscam

185 1632 190 1637 p
226 1572 426 1625 Pinum
463 1574 521 1625 et
557 1570 842 1625 fumiferos
878 1571 1046 1625 infert
1084 1570 1393 1625 Mezentius
1425 1569 1569 1636 ignis
1586 1590 1599 1634 ;

227 1649 309 1702 At
345 1647 634 1717 Messapus
669 1662 872 1716 equum
910 1647 1165 1714 domitor,
1205 1644 1487 1715 Neptunia
1520 1645 1716 1715 proleS,

225 1723 513 1778 Rescindit
547 1724 750 1777 vallum
787 1727 846 1777 ot
881 1724 1053 1778 scalas
1089 1725 1145 1776 in
1181 1722 1396 1776 moenia.
1429 1722 1619 1790 poscit.

235 1835 244 1840 -
293 1800 425 1866 Vos,
461 1817 495 1853 o
535 1800 793 1868 Calliope,
833 1816 1044 1868 precor,
1081 1800 1363 1868 adspirate
1398 1799 1629 1864 canenti,
1848 1814 1923 1854 ⁶2⁵

225 1878 374 1942 Quas
409 1875 487 1930 ibi
524 1879 644 1930 tum
679 1876 828 1930 ferro
866 1881 1097 1944 strages,
1135 1891 1277 1944 quae
1311 1875 1503 1929 funera
1538 1874 1751 1930 Turnus

221 1952 497 2019 Ediderit,
537 1969 700 2021 quem
737 1952 970 2021 quisque
1005 1951 1185 2005 virum
1220 1950 1507 2006 demiserit
1544 1951 1717 2017 Orco;

221 2029 297 2082 Et
332 2044 547 2082 mecum
583 2028 820 2096 ingentis
855 2045 980 2082 oras
1015 2027 1252 2082 evolvite
1285 2027 1431 2081 belli.

219 2104 320 2174 [Et
354 2103 679 2158 meministis
716 2105 877 2172 enim,
913 2104 1090 2171 divae,
1126 2107 1186 2157 et
1218 2118 1525 2156 memorare
1558 2102 1831 2171 potestis]

225 2185 240 2222 ἑ
288 2180 480 2234 Turris
517 2184 641 2234 erat
661 2184 818 2235 vasto
853 2184 1114 2249 suspectu
1148 2184 1207 2233 et
1241 2177 1499 2248 pontibus
1536 2178 1673 2243 altis,
1851 2194 1920 2234 σω

218 2258 549 2327 Opportuna
582 2256 730 2322 loco;
779 2257 1008 2311 summis
1043 2272 1209 2326 quam
1245 2252 1455 2307 viribus
1490 2269 1673 2308 omnes

217 2335 554 2402 Expugnare
593 2332 723 2386 Itali
759 2349 1083 2402 summaque
1116 2334 1370 2386 evertere
1404 2344 1568 2398 opum
1604 2329 1659 2383 vi

218 2409 537 2475 Certabant,
572 2408 741 2462 Troes
775 2413 966 2463 contra
1002 2408 1302 2463 defendere
1338 2405 1485 2459 saxis

217 2487 437 2554 Perque
473 2499 633 2540 cavas
669 2484 826 2538 densi
861 2481 974 2538 tela
1007 2484 1325 2552 intorquere
1358 2482 1643 2537 fenestras

217 2561 484 2630 Princeps
519 2560 808 2615 ardentem
843 2560 1076 2614 coniecit
1108 2558 1365 2627 lampada
1400 2557 1627 2626 Turnus,
1850 2571 1921 2613 ⁵35

214 2637 290 2691 Et
325 2636 599 2689 flammam
636 2635 831 2690 adfixit
866 2635 1056 2700 lateri3
1104 2651 1246 2704 quae
1281 2633 1517 2702 plurima
1550 2636 1711 2688 vento

214 2713 501 2782 Corripuit
536 2711 757 2766 tabulas
793 2715 852 2766 et
887 2711 1138 2780 postibus
1172 2710 1354 2764 haesit
1388 2708 1585 2762 adesis.

212 2788 446 2842 Turbati
485 2788 766 2857 trepidare
798 2788 964 2854 intus,
999 2788 1314 2855 frustraque
1348 2785 1615 2838 malorum

213 2863 380 2918 Velle
415 2860 620 2933 fugam.
692 2864 840 2918 Dum
877 2881 938 2918 se
972 2863 1298 2932 glomerant,
1336 2865 1595 2931 retroque
1630 2861 1886 2919 residunt

212 2939 296 2993 In·
320 2942 555 3010 partem,
591 2955 734 3008 quae
770 2943 928 3008 peste
960 2942 1128 3005 earet,
1166 2942 1287 2992 tum
1321 2935 1567 3005 pondere
1604 2939 1777 2994 turris
1848 2953 1923 2995 ⁶10

211 3015 520 3070 Procubuit
555 3015 753 3082 subite,
790 3019 849 3070 et
883 3015 1095 3069 caelum
1129 3016 1289 3067 tonat
1323 3027 1483 3065 omne
1517 3012 1749 3081 fragore.

211 3090 530 3146 Semineces
565 3089 638 3144 ad
672 3093 897 3157 terram,
932 3089 1135 3144 inmani
1170 3089 1311 3144 mole
1348 3091 1551 3153 secuta,

211 3167 543 3284 Confi2xlique
578 3167 693 3221 suis
725 3165 854 3221 telis
889 3170 949 3221 et
983 3169 1213 3235 pectora
1246 3165 1387 3222 duro
