2163 3401
201 123 290 175 180
664 117 722 165 P.
761 116 1070 170 VERG1L1
1106 119 1375 168 MARON
1376 121 1440 170 IS

202 199 530 268 Insequitur.
607 198 812 254 Causas
849 198 991 254 tanti
1027 199 1164 254 sciat
1199 201 1295 255 illa
1326 201 1538 258 furoris.

207 280 332 347 Ipse
368 275 502 333 mihi
539 290 714 344 nuper
752 275 966 344 Libycis
1003 280 1068 330 tu
1104 279 1266 332 testis
1298 279 1357 332 in
1392 281 1555 335 undis

205 357 378 420 Quam
414 354 614 408 molem
651 352 834 406 subito
873 351 1129 408 excierit:
1164 357 1342 410 maria.
1370 359 1553 412 omnia
1587 360 1741 416 caelo
1850 377 1921 420 πο

203 433 440 501 Miscuit,
481 430 689 488 Aeoliis
725 431 1060 500 nequiquam
1096 433 1241 486 freta
1275 434 1541 502 procellis,

205 510 272 563 In
307 510 490 578 regnis
525 507 625 561 hoc
661 524 794 561 ausa
829 509 952 562 tuis.

206 588 314 642 Per
348 586 522 640 scelus
560 602 682 640 cece
721 586 888 639 etiam
925 586 1171 641 Troianis
1206 589 1476 642 matribus
1512 591 1651 645 actis

205 664 429 720 Exussit
463 663 624 717 foede
663 664 876 734 puppiS,
914 668 972 717 ct
1007 665 1179 718 classe
1208 665 1433 734 'subegit

206 743 424 798 Amissa
459 743 630 796 socios
667 742 885 811 ignotae
919 742 1170 810 linquere
1204 745 1419 796 terrae·
1854 759 1922 798 7¹³⁵

206 819 364 883 Quod
399 823 667 891 superest,
707 837 818 887 oro,
857 819 1017 872 liceat
1056 817 1191 872 dare
1224 822 1349 872 tuta
1381 837 1484 888 per
1517 820 1695 876 undas

206 894 345 950 Vela
380 897 498 964 tibi,
537 897 697 950 liccat
736 897 1068 951 Laurentem
1108 898 1381 964 attingere
1418 897 1693 967 Thybrim,

207 972 264 1025 Si
299 990 553 1028 concessa
588 978 734 1043 pete,
775 976 819 1028 si
857 975 992 1028 dant
1027 991 1094 1028 ea
1129 975 1342 1028 moenia
1384 973 1603 1029 Pareae.

206 1049 342 1104 Tum
381 1052 668 1105 Saturnius
703 1052 838 1106 haec
877 1052 1117 1106 domitor
1152 1051 1319 1104 maris
1354 1051 1531 1104 edidit
1564 1051 1689 1108 alti:

209 1126 312 1179 Fas
348 1144 508 1181 omne
545 1127 646 1195 est,
686 1130 973 1198 Cytherea,
1011 1129 1150 1182 meis
1186 1132 1247 1182 te
1280 1127 1453 1181 fidere
1489 1128 1687 1196 regma,
1850 1142 1923 1181 800

206 1203 370 1258 Unde
405 1222 578 1273 genus
615 1205 783 1259 (lucie.
857 1207 1036 1260 Merui
1063 1221 1320 1275 ·quoque;
1362 1223 1525 1274 saepo
1557 1205 1773 1259 furores
2116 1183 2118 1268 l

208 1280 517 1349 Compressi
553 1287 612 1336 ct
647 1282 852 1338 rabiem
892 1285 1106 1336 tantam
1144 1282 1390 1351 caelique
1418 1283 1716 1350 marisque.

207 1355 259 1408 N
263 1373 325 1409 ec
359 1359 536 1411 minor
570 1359 625 1411 in
662 1359 842 1425 terris,
883 1358 1167 1412 Xanthum
1209 1359 1595 1426 Simoentaque
1634 1360 1833 1423 testor,

209 1434 430 1488 Aeneae
465 1435 598 1488 mihi
635 1451 764 1488 cura
799 1436 900 1491 tui.
973 1434 1112 1489 Cum
1150 1435 1311 1488 Troia
1348 1433 1591 1488 Achilles

209 1509 531 1565 Exanimata
567 1529 800 1582 sequens
836 1513 1148 1581 inpingeret
1186 1511 1402 1580 agmina
1436 1510 1621 1579 muris,
1851 1523 1924 1562 80⁵

209 1585 361 1640 Milia
395 1589 567 1642 multa
604 1589 764 1644 daret
799 1589 927 1656 leto,
965 1593 1362 1656 gemerentque
1398 1587 1597 1656 repleti

211 1664 452 1733 Amnes,:
469 1663 570 1719 ne'c
605 1666 847 1735 reperire
885 1667 1028 1720 viam
1065 1669 1233 1735 atque
1272 1665 1519 1719 evolvero
1553 1665 1744 1733 posset

210 1741 278 1795 In
314 1759 464 1795 mare
503 1760 560 1796 se
592 1742 867 1812 Xanthus,
908 1743 1132 1797 Pelidae
1170 1748 1301 1796 tunc
1338 1759 1439 1811 ego
1475 1741 1605 1795 forti

211 1819 574 1886 Congressum
615 1821 842 1873 Aenean
879 1837 979 1873 nec
1015 1820 1103 1871 dis
1141 1837 1239 1873 nec
1276 1819 1479 1872 viribus
1514 1816 1705 1886 aequis

211 1894 370 1947 Nube
405 1912 536 1948 cava
573 1897 744 1965 rapui,
781 1908 1038 1965 cuperem
1076 1913 1199 1949 cum
1239 1899 1455 1949 vertere
1492 1894 1561 1948 ab
1598 1894 1711 1946 imo
1852 1906 1927 1944 810

211 1971 432 2026 Structa
468 1972 604 2025 meis
641 1970 890 2025 manibus
925 1973 1179 2040 periurae
1216 1972 1430 2025 moenia
1468 1970 1677 2024 Troiae.

211 2047 264 2100 N
266 2065 370 2101 unc
395 2065 611 2117 quoquo
637 2066 790 2103 mens
815 2048 1008 2102 eadem
1033 2052 1249 2117 perstat
1272 2047 1434 2113 mihi3
1464 2046 1605 2116 pelle
1629 2045 1903 2098 timorem.

211 2124 399 2193 TutuS,
438 2142 576 2195 quos
613 2130 784 2194 optas,
821 2130 1026 2195 portus·
1049 2124 1279 2179 accedet
1314 2122 1541 2179 Averni.

215 2200 368 2255 Unus
405 2202 510 2255 erit
547 2205 779 2270 tantum,
818 2203 1077 2256 amissum
1116 2218 1278 2271 quem
1315 2200 1536 2269 gurgite
1572 2212 1840 2267 quaet-em

211 2277 397 2331 Unum
432 2295 533 2347 pro
569 2279 758 2332 multis
795 2278 1020 2333 dabitur
1054 2283 1235 2347 caput.
1852 2286 1929 2324 81⁵

214 2354 318 2407 His
353 2354 448 2407 ubi
485 2355 632 2409 laeta
668 2356 805 2410 deae
841 2355 1130 2425 permulsit
1165 2359 1391 2423 pectora
1426 2353 1602 2422 dictis,

214 2430 403 2498 Iungit
439 2448 606 2501 equos
643 2449 775 2485 auro
814 2432 1058 2501 Genitor,
1098 2432 1515 2501 spumantiaque
1550 2429 1711 2485 addit

215 2507 394 2560 Frena
429 2508 575 2570 feris,
613 2509 972 2577 manibusque
1010 2510 1185 2563 omnis
1224 2507 1454 2562 effundit
1488 2506 1748 2560 habenas.

214 2583 476 2637 Caeruleo
511 2602 614 2653 per
651 2600 862 2638 summa
897 2586 1030 2639 levis
1067 2586 1215 2639 volat
1253 2592 1489 2653 aequora
1524 2598 1719 2645 curru;
1848 2646 1857 2659 ο

214 2659 513 2714 Subsidunt
549 2662 744 2730 undae,
782 2662 1166 2730 tumidumque
1203 2661 1304 2714 sub
1340 2677 1444 2714 axe
1479 2658 1694 2713 tonanti
1858 2670 1935 2708 820

215 2735 493 2789 Sternitur
529 2754 734 2805 aequor
773 2738 942 2806 aquis,
979 2739 1198 2805 fugiunt
1234 2740 1389 2791 vasto
1426 2735 1649 2790 aethere
1686 2732 1874 2786 nimbi.

216 2810 353 2867 Tum
392 2813 572 2866 variae
609 2816 868 2867 comitum
907 2814 1089 2883 facies,
1129 2815 1367 2869 inmania
1400 2816 1538 2880 cete,
1684 2816 1691 2821 ’

217 2884 294 2937 Et
330 2886 508 2938 senior
545 2888 734 2941 Glauci
771 2889 980 2959 chorus,
1018 2891 1297 2961 Inousque
1336 2853 1645 2956 Palaemon,

223 2958 577 3029 ritonesque
614 2964 724 3031 citi,
763 2964 1068 3033 Phorcique
1108 2968 1385 3021 exercitus
1421 2964 1627 3029 omnis;

287 3048 402 3087 eva
435 3036 590 3089 tenet
626 3037 825 3104 Thetis,
863 3045 920 3094 ct
956 3041 1166 3109 Melite,
1206 3044 1567 3110 Panopeaque
1601 3035 1774 3108 virgo,
1862 3050 1939 3091 825

315 3125 449 3176 sace,
487 3111 739 3183 Spioque,
777 3116 1086 3185 Thaliaque,
1124 3118 1551 3189 Cymodoceque.

321 3183 403 3237 lic
436 3186 613 3254 patris
651 3189 876 3244 Aeneae
911 3206 1231 3263 suspensam
1266 3192 1469 3249 blanda
1502 3188 1742 3247 vici-sim
