<?xml version="1.0" encoding="UTF-8"?>
<!DOCTYPE html PUBLIC "-//W3C//DTD XHTML 1.0 Transitional//EN"
    "http://www.w3.org/TR/xhtml1/DTD/xhtml1-transitional.dtd">
<html xmlns="http://www.w3.org/1999/xhtml" xml:lang="en" lang="en">
 <head>
  <title>
</title>
<meta http-equiv="Content-Type" content="text/html;charset=utf-8" />
  <meta name='ocr-system' content='tesseract 3.04.00' />
  <meta name='ocr-capabilities' content='ocr_page ocr_carea ocr_par ocr_line ocrx_word'/>
</head>
<body>
  <div class='ocr_page' id='page_1' title='image "./operaexrecensio04virggoog/operaexrecensio04virggoog_0120.png"; bbox 0 0 2163 3401; ppageno 0'>
   <div class='ocr_carea' id='block_1_1' title="bbox 165 76 1885 3033">
    <p class='ocr_par' dir='ltr' id='par_1_1' title="bbox 173 76 1399 129">
     <span class='ocr_line' id='line_1_1' title="bbox 173 76 1399 129; baseline -0.002 0"><span class='ocrx_word' id='word_1_1' title='bbox 173 83 264 129; x_wconf 80' lang='lat'><strong>106</strong></span> <span class='ocrx_word' id='word_1_2' title='bbox 625 78 685 127; x_wconf 87' lang='grc' dir='ltr'><strong>Ρ.</strong></span> <span class='ocrx_word' id='word_1_3' title='bbox 722 76 1032 127; x_wconf 75' lang='lat' dir='ltr'><strong>VERGILI</strong></span> <span class='ocrx_word' id='word_1_4' title='bbox 1065 76 1399 127; x_wconf 78' lang='lat' dir='ltr'><strong>MARONIS</strong></span> 
     </span>
    </p>

    <p class='ocr_par' dir='ltr' id='par_1_2' title="bbox 168 156 1721 228">
     <span class='ocr_line' id='line_1_2' title="bbox 168 156 1721 228; baseline 0.001 -17"><span class='ocrx_word' id='word_1_5' title='bbox 168 158 428 228; x_wconf 81' lang='lat' dir='ltr'><strong>Quisquis</strong></span> <span class='ocrx_word' id='word_1_6' title='bbox 461 174 538 228; x_wconf 88' lang='lat' dir='ltr'><strong>es,</strong></span> <span class='ocrx_word' id='word_1_7' title='bbox 571 157 799 212; x_wconf 87' lang='lat' dir='ltr'><strong>amissos</strong></span> <span class='ocrx_word' id='word_1_8' title='bbox 831 157 959 212; x_wconf 88' lang='lat' dir='ltr'><strong>hinc</strong></span> <span class='ocrx_word' id='word_1_9' title='bbox 991 156 1100 211; x_wconf 77' lang='lat' dir='ltr'><strong>ia‘m</strong></span> <span class='ocrx_word' id='word_1_10' title='bbox 1134 156 1456 215; x_wconf 82' lang='lat' dir='ltr'><strong>obliviscere</strong></span> <span class='ocrx_word' id='word_1_11' title='bbox 1492 159 1721 225; x_wconf 78' lang='lat' dir='ltr'><strong>Graios3</strong></span> 
     </span>
    </p>

    <p class='ocr_par' dir='ltr' id='par_1_3' title="bbox 166 234 1696 304">
     <span class='ocr_line' id='line_1_3' title="bbox 166 234 1696 304; baseline 0.002 -17"><span class='ocrx_word' id='word_1_12' title='bbox 166 234 372 288; x_wconf 88' lang='lat' dir='ltr'><strong>Noster</strong></span> <span class='ocrx_word' id='word_1_13' title='bbox 407 235 531 303; x_wconf 88' lang='lat' dir='ltr'><strong>eris,</strong></span> <span class='ocrx_word' id='word_1_14' title='bbox 566 234 808 303; x_wconf 85' lang='lat' dir='ltr'><strong>mihique</strong></span> <span class='ocrx_word' id='word_1_15' title='bbox 843 234 976 287; x_wconf 84' lang='lat' dir='ltr'><strong>haec</strong></span> <span class='ocrx_word' id='word_1_16' title='bbox 1011 234 1255 287; x_wconf 78' lang='lat' dir='ltr'><strong>edissere</strong></span> <span class='ocrx_word' id='word_1_17' title='bbox 1290 251 1420 289; x_wconf 86' lang='lat' dir='ltr'><strong>vera</strong></span> <span class='ocrx_word' id='word_1_18' title='bbox 1454 237 1696 304; x_wconf 76' lang='lat' dir='ltr'><strong>roganti:</strong></span> 
     </span>
    </p>

    <p class='ocr_par' dir='ltr' id='par_1_4' title="bbox 167 309 1869 381">
     <span class='ocr_line' id='line_1_4' title="bbox 167 309 1869 381; baseline 0.001 -18"><span class='ocrx_word' id='word_1_19' title='bbox 167 309 286 374; x_wconf 83' lang='lat' dir='ltr'><strong>Quo</strong></span> <span class='ocrx_word' id='word_1_20' title='bbox 311 311 510 365; x_wconf 87' lang='lat' dir='ltr'><strong>molem</strong></span> <span class='ocrx_word' id='word_1_21' title='bbox 533 310 672 364; x_wconf 84' lang='lat' dir='ltr'><strong>hanc</strong></span> <span class='ocrx_word' id='word_1_22' title='bbox 695 310 926 363; x_wconf 88' lang='lat' dir='ltr'><strong>inmanis</strong></span> <span class='ocrx_word' id='word_1_23' title='bbox 943 311 1070 377; x_wconf 90' lang='lat' dir='ltr'><strong>equi</strong></span> <span class='ocrx_word' id='word_1_24' title='bbox 1092 313 1372 365; x_wconf 73' lang='lat' dir='ltr'><strong>statuere?</strong></span> <span class='ocrx_word' id='word_1_25' title='bbox 1398 313 1521 381; x_wconf 90' lang='lat' dir='ltr'><strong>quis</strong></span> <span class='ocrx_word' id='word_1_26' title='bbox 1540 313 1768 365; x_wconf 73' lang='lat' dir='ltr'><strong>auctor?</strong></span> <span class='ocrx_word' id='word_1_27' title='bbox 1797 325 1869 374; x_wconf 63' lang='grc' dir='ltr'><strong>ια)</strong></span> 
     </span>
    </p>

    <p class='ocr_par' dir='ltr' id='par_1_5' title="bbox 166 385 1805 456">
     <span class='ocr_line' id='line_1_5' title="bbox 166 385 1805 456; baseline 0.001 -17"><span class='ocrx_word' id='word_1_28' title='bbox 166 386 380 451; x_wconf 83' lang='lat' dir='ltr'><strong>Quidve</strong></span> <span class='ocrx_word' id='word_1_29' title='bbox 402 387 635 456; x_wconf 74' lang='lat' dir='ltr'><strong>petunt?</strong></span> <span class='ocrx_word' id='word_1_30' title='bbox 659 402 800 454; x_wconf 85' lang='lat' dir='ltr'><strong>quae</strong></span> <span class='ocrx_word' id='word_1_31' title='bbox 823 385 1046 453; x_wconf 72' lang='lat' dir='ltr'><strong>religio?</strong></span> <span class='ocrx_word' id='word_1_32' title='bbox 1078 388 1177 439; x_wconf 88' lang='lat' dir='ltr'><strong>aut</strong></span> <span class='ocrx_word' id='word_1_33' title='bbox 1200 402 1342 455; x_wconf 86' lang='lat' dir='ltr'><strong>quae</strong></span> <span class='ocrx_word' id='word_1_34' title='bbox 1364 388 1617 442; x_wconf 82' lang='lat' dir='ltr'><strong>machina</strong></span> <span class='ocrx_word' id='word_1_35' title='bbox 1639 387 1805 441; x_wconf 72' lang='lat' dir='ltr'><strong>belli?</strong></span> 
     </span>
    </p>

    <p class='ocr_par' dir='ltr' id='par_1_6' title="bbox 168 461 1648 532">
     <span class='ocr_line' id='line_1_6' title="bbox 168 461 1648 532; baseline 0.001 -17"><span class='ocrx_word' id='word_1_36' title='bbox 168 461 412 517; x_wconf 79' lang='lat' dir='ltr'><strong>Dixerat.</strong></span> <span class='ocrx_word' id='word_1_37' title='bbox 485 461 605 528; x_wconf 87' lang='lat' dir='ltr'><strong>Ille,</strong></span> <span class='ocrx_word' id='word_1_38' title='bbox 641 461 782 514; x_wconf 89' lang='lat' dir='ltr'><strong>dolis</strong></span> <span class='ocrx_word' id='word_1_39' title='bbox 816 461 1117 515; x_wconf 85' lang='lat' dir='ltr'><strong>instructus</strong></span> <span class='ocrx_word' id='word_1_40' title='bbox 1152 465 1211 515; x_wconf 85' lang='lat' dir='ltr'><strong>et</strong></span> <span class='ocrx_word' id='word_1_41' title='bbox 1244 468 1366 517; x_wconf 87' lang='lat' dir='ltr'><strong>arte</strong></span> <span class='ocrx_word' id='word_1_42' title='bbox 1402 464 1648 532; x_wconf 87' lang='lat' dir='ltr'><strong>Pelasga,</strong></span> 
     </span>
    </p>

    <p class='ocr_par' dir='ltr' id='par_1_7' title="bbox 167 536 1448 606">
     <span class='ocr_line' id='line_1_7' title="bbox 167 536 1448 606; baseline 0.002 -14"><span class='ocrx_word' id='word_1_43' title='bbox 167 538 402 593; x_wconf 74' lang='lat' dir='ltr'><strong>Sustulit</strong></span> <span class='ocrx_word' id='word_1_44' title='bbox 435 542 631 592; x_wconf 87' lang='lat' dir='ltr'><strong>exutas</strong></span> <span class='ocrx_word' id='word_1_45' title='bbox 666 537 857 590; x_wconf 87' lang='lat' dir='ltr'><strong>vinclis</strong></span> <span class='ocrx_word' id='word_1_46' title='bbox 891 536 964 591; x_wconf 87' lang='lat' dir='ltr'><strong>ad</strong></span> <span class='ocrx_word' id='word_1_47' title='bbox 999 536 1183 590; x_wconf 87' lang='lat' dir='ltr'><strong>sidera</strong></span> <span class='ocrx_word' id='word_1_48' title='bbox 1216 538 1448 606; x_wconf 82' lang='lat' dir='ltr'><strong>palmas:</strong></span> 
     </span>
    </p>

    <p class='ocr_par' dir='ltr' id='par_1_8' title="bbox 166 613 1553 682">
     <span class='ocr_line' id='line_1_8' title="bbox 166 613 1553 682; baseline 0.002 -15"><span class='ocrx_word' id='word_1_49' title='bbox 166 615 296 682; x_wconf 89' lang='lat' dir='ltr'><strong>Vos,</strong></span> <span class='ocrx_word' id='word_1_50' title='bbox 332 614 543 669; x_wconf 84' lang='lat' dir='ltr'><strong>aeterni</strong></span> <span class='ocrx_word' id='word_1_51' title='bbox 579 615 750 682; x_wconf 86' lang='lat' dir='ltr'><strong>ignes,</strong></span> <span class='ocrx_word' id='word_1_52' title='bbox 785 616 845 668; x_wconf 91' lang='lat' dir='ltr'><strong>et</strong></span> <span class='ocrx_word' id='word_1_53' title='bbox 880 630 988 666; x_wconf 90' lang='lat' dir='ltr'><strong>non</strong></span> <span class='ocrx_word' id='word_1_54' title='bbox 1021 613 1277 669; x_wconf 84' lang='lat' dir='ltr'><strong>violabile</strong></span> <span class='ocrx_word' id='word_1_55' title='bbox 1309 620 1553 670; x_wconf 86' lang='lat' dir='ltr'><strong>vestrum</strong></span> 
     </span>
    </p>

    <p class='ocr_par' dir='ltr' id='par_1_9' title="bbox 165 690 1871 760">
     <span class='ocr_line' id='line_1_9' title="bbox 165 690 1871 760; baseline -0.001 -15"><span class='ocrx_word' id='word_1_56' title='bbox 165 691 361 745; x_wconf 82' lang='lat' dir='ltr'><strong>Testor</strong></span> <span class='ocrx_word' id='word_1_57' title='bbox 394 706 610 756; x_wconf 89' lang='lat' dir='ltr'><strong>numen,</strong></span> <span class='ocrx_word' id='word_1_58' title='bbox 643 690 738 757; x_wconf 88' lang='lat' dir='ltr'><strong>ait,</strong></span> <span class='ocrx_word' id='word_1_59' title='bbox 775 706 871 743; x_wconf 86' lang='lat' dir='ltr'><strong>vos</strong></span> <span class='ocrx_word' id='word_1_60' title='bbox 906 706 1033 743; x_wconf 82' lang='lat' dir='ltr'><strong>arae</strong></span> <span class='ocrx_word' id='word_1_61' title='bbox 1069 706 1339 760; x_wconf 82' lang='lat' dir='ltr'><strong>ensesque</strong></span> <span class='ocrx_word' id='word_1_62' title='bbox 1374 691 1616 757; x_wconf 78' lang='lat' dir='ltr'><strong>nefandi,</strong></span> <span class='ocrx_word' id='word_1_63' title='bbox 1798 704 1871 743; x_wconf 65' lang='lat' dir='ltr'><strong>m</strong></span> 
     </span>
    </p>

    <p class='ocr_par' dir='ltr' id='par_1_10' title="bbox 167 766 1616 837">
     <span class='ocr_line' id='line_1_10' title="bbox 167 766 1616 837; baseline 0.002 -17"><span class='ocrx_word' id='word_1_64' title='bbox 167 769 314 833; x_wconf 85' lang='lat' dir='ltr'><strong>Quos</strong></span> <span class='ocrx_word' id='word_1_65' title='bbox 349 767 482 835; x_wconf 84' lang='lat' dir='ltr'><strong>fugi,</strong></span> <span class='ocrx_word' id='word_1_66' title='bbox 518 767 801 835; x_wconf 82' lang='lat' dir='ltr'><strong>vittaeque</strong></span> <span class='ocrx_word' id='word_1_67' title='bbox 838 766 1017 833; x_wconf 89' lang='lat' dir='ltr'><strong>deum,</strong></span> <span class='ocrx_word' id='word_1_68' title='bbox 1055 783 1197 835; x_wconf 88' lang='lat' dir='ltr'><strong>quas</strong></span> <span class='ocrx_word' id='word_1_69' title='bbox 1231 767 1411 823; x_wconf 87' lang='lat' dir='ltr'><strong>hostia</strong></span> <span class='ocrx_word' id='word_1_70' title='bbox 1445 768 1616 837; x_wconf 81' lang='lat' dir='ltr'><strong>gessi:</strong></span> 
     </span>
    </p>

    <p class='ocr_par' dir='ltr' id='par_1_11' title="bbox 167 842 1497 913">
     <span class='ocr_line' id='line_1_11' title="bbox 167 842 1497 913; baseline -0.001 -15"><span class='ocrx_word' id='word_1_71' title='bbox 167 844 274 898; x_wconf 87' lang='lat' dir='ltr'><strong>Fas</strong></span> <span class='ocrx_word' id='word_1_72' title='bbox 311 843 444 897; x_wconf 88' lang='lat' dir='ltr'><strong>mihi</strong></span> <span class='ocrx_word' id='word_1_73' title='bbox 481 843 768 897; x_wconf 87' lang='lat' dir='ltr'><strong>Graiorum</strong></span> <span class='ocrx_word' id='word_1_74' title='bbox 806 852 1021 896; x_wconf 84' lang='lat' dir='ltr'><strong>sacrata</strong></span> <span class='ocrx_word' id='word_1_75' title='bbox 1053 843 1328 897; x_wconf 84' lang='lat' dir='ltr'><strong>resolvere</strong></span> <span class='ocrx_word' id='word_1_76' title='bbox 1363 842 1497 913; x_wconf 86' lang='lat' dir='ltr'><strong>iura,</strong></span> 
     </span>
    </p>

    <p class='ocr_par' dir='ltr' id='par_1_12' title="bbox 165 919 1636 988">
     <span class='ocr_line' id='line_1_12' title="bbox 165 919 1636 988; baseline 0.001 -14"><span class='ocrx_word' id='word_1_77' title='bbox 165 920 275 974; x_wconf 83' lang='lat' dir='ltr'><strong>Fas</strong></span> <span class='ocrx_word' id='word_1_78' title='bbox 310 920 490 974; x_wconf 86' lang='lat' dir='ltr'><strong>odisse</strong></span> <span class='ocrx_word' id='word_1_79' title='bbox 526 920 686 986; x_wconf 81' lang='lat' dir='ltr'><strong>viros,</strong></span> <span class='ocrx_word' id='word_1_80' title='bbox 721 922 889 986; x_wconf 87' lang='lat' dir='ltr'><strong>atque</strong></span> <span class='ocrx_word' id='word_1_81' title='bbox 925 920 1109 972; x_wconf 89' lang='lat' dir='ltr'><strong>omnia</strong></span> <span class='ocrx_word' id='word_1_82' title='bbox 1142 919 1287 973; x_wconf 80' lang='lat' dir='ltr'><strong>ferre</strong></span> <span class='ocrx_word' id='word_1_83' title='bbox 1320 919 1424 974; x_wconf 87' lang='lat' dir='ltr'><strong>sub</strong></span> <span class='ocrx_word' id='word_1_84' title='bbox 1458 936 1636 988; x_wconf 80' lang='lat' dir='ltr'><strong>auras,</strong></span> 
     </span>
    </p>

    <p class='ocr_par' dir='ltr' id='par_1_13' title="bbox 166 995 1676 1066">
     <span class='ocr_line' id='line_1_13' title="bbox 166 995 1676 1066; baseline -0.001 -15"><span class='ocrx_word' id='word_1_85' title='bbox 166 997 224 1051; x_wconf 91' lang='lat' dir='ltr'><strong>Si</strong></span> <span class='ocrx_word' id='word_1_86' title='bbox 260 1014 369 1066; x_wconf 86' lang='lat' dir='ltr'><strong>qua</strong></span> <span class='ocrx_word' id='word_1_87' title='bbox 403 1000 627 1065; x_wconf 81' lang='lat' dir='ltr'><strong>tegunt3</strong></span> <span class='ocrx_word' id='word_1_88' title='bbox 678 999 874 1048; x_wconf 86' lang='lat' dir='ltr'><strong>teneor</strong></span> <span class='ocrx_word' id='word_1_89' title='bbox 906 995 1120 1064; x_wconf 77' lang='lat' dir='ltr'><strong>patriae</strong></span> <span class='ocrx_word' id='word_1_90' title='bbox 1153 1010 1255 1050; x_wconf 89' lang='lat' dir='ltr'><strong>nec</strong></span> <span class='ocrx_word' id='word_1_91' title='bbox 1287 996 1501 1065; x_wconf 85' lang='lat' dir='ltr'><strong>legibus</strong></span> <span class='ocrx_word' id='word_1_92' title='bbox 1534 997 1676 1050; x_wconf 89' lang='lat' dir='ltr'><strong>ullis.</strong></span> 
     </span>
    </p>

    <p class='ocr_par' dir='ltr' id='par_1_14' title="bbox 166 1072 1871 1147">
     <span class='ocr_line' id='line_1_14' title="bbox 166 1072 1871 1147; baseline -0.001 -20"><span class='ocrx_word' id='word_1_93' title='bbox 166 1073 248 1147; x_wconf 78' lang='lat' dir='ltr'><strong>Tu</strong></span> <span class='ocrx_word' id='word_1_94' title='bbox 281 1074 444 1127; x_wconf 91' lang='lat' dir='ltr'><strong>modo</strong></span> <span class='ocrx_word' id='word_1_95' title='bbox 480 1072 760 1142; x_wconf 81' lang='lat' dir='ltr'><strong>promissis</strong></span> <span class='ocrx_word' id='word_1_96' title='bbox 793 1087 1030 1139; x_wconf 86' lang='lat' dir='ltr'><strong>maneas,</strong></span> <span class='ocrx_word' id='word_1_97' title='bbox 1065 1076 1392 1142; x_wconf 83' lang='lat' dir='ltr'><strong>servataque</strong></span> <span class='ocrx_word' id='word_1_98' title='bbox 1428 1089 1611 1127; x_wconf 82' lang='lat' dir='ltr'><strong>serves</strong></span> <span class='ocrx_word' id='word_1_99' title='bbox 1798 1084 1871 1126; x_wconf 79' lang='grc' dir='ltr'><strong>ιω</strong></span> 
     </span>
    </p>

    <p class='ocr_par' dir='ltr' id='par_1_15' title="bbox 167 1148 1673 1293">
     <span class='ocr_line' id='line_1_15' title="bbox 167 1148 1673 1218; baseline 0.001 -17"><span class='ocrx_word' id='word_1_100' title='bbox 167 1149 326 1202; x_wconf 81' lang='lat' dir='ltr'><strong>Troia</strong></span> <span class='ocrx_word' id='word_1_101' title='bbox 360 1149 544 1215; x_wconf 84' lang='lat' dir='ltr'><strong>fidem,</strong></span> <span class='ocrx_word' id='word_1_102' title='bbox 579 1148 623 1201; x_wconf 87' lang='lat' dir='ltr'><strong>si</strong></span> <span class='ocrx_word' id='word_1_103' title='bbox 660 1164 790 1201; x_wconf 80' lang='lat' dir='ltr'><strong>vera</strong></span> <span class='ocrx_word' id='word_1_104' title='bbox 824 1148 1015 1216; x_wconf 89' lang='lat' dir='ltr'><strong>feram,</strong></span> <span class='ocrx_word' id='word_1_105' title='bbox 1048 1148 1095 1202; x_wconf 90' lang='lat' dir='ltr'><strong>si</strong></span> <span class='ocrx_word' id='word_1_106' title='bbox 1129 1164 1328 1217; x_wconf 81' lang='lat' dir='ltr'><strong>magna</strong></span> <span class='ocrx_word' id='word_1_107' title='bbox 1361 1149 1673 1218; x_wconf 80' lang='lat' dir='ltr'><strong>rependam.</strong></span> 
     </span>
     <span class='ocr_line' id='line_1_16' title="bbox 236 1223 1586 1293; baseline -0.001 -15"><span class='ocrx_word' id='word_1_108' title='bbox 236 1226 424 1279; x_wconf 86' lang='lat' dir='ltr'><strong>Omnis</strong></span> <span class='ocrx_word' id='word_1_109' title='bbox 459 1242 582 1293; x_wconf 90' lang='lat' dir='ltr'><strong>spes</strong></span> <span class='ocrx_word' id='word_1_110' title='bbox 621 1223 872 1277; x_wconf 82' lang='lat' dir='ltr'><strong>Danaum</strong></span> <span class='ocrx_word' id='word_1_111' title='bbox 911 1228 971 1278; x_wconf 89' lang='lat' dir='ltr'><strong>et</strong></span> <span class='ocrx_word' id='word_1_112' title='bbox 1005 1225 1187 1293; x_wconf 88' lang='lat' dir='ltr'><strong>coepti</strong></span> <span class='ocrx_word' id='word_1_113' title='bbox 1222 1225 1423 1279; x_wconf 84' lang='lat' dir='ltr'><strong>fiducia</strong></span> <span class='ocrx_word' id='word_1_114' title='bbox 1457 1224 1586 1278; x_wconf 88' lang='lat' dir='ltr'><strong>belli</strong></span> 
     </span>
    </p>

    <p class='ocr_par' dir='ltr' id='par_1_16' title="bbox 168 1300 1663 1371">
     <span class='ocr_line' id='line_1_17' title="bbox 168 1300 1663 1371; baseline 0 -17"><span class='ocrx_word' id='word_1_115' title='bbox 168 1301 407 1355; x_wconf 87' lang='lat' dir='ltr'><strong>Palladis</strong></span> <span class='ocrx_word' id='word_1_116' title='bbox 443 1300 660 1354; x_wconf 84' lang='lat' dir='ltr'><strong>auxiliis</strong></span> <span class='ocrx_word' id='word_1_117' title='bbox 695 1317 914 1368; x_wconf 85' lang='lat' dir='ltr'><strong>semper</strong></span> <span class='ocrx_word' id='word_1_118' title='bbox 949 1302 1121 1355; x_wconf 86' lang='lat' dir='ltr'><strong>stetit.</strong></span> <span class='ocrx_word' id='word_1_119' title='bbox 1199 1301 1411 1371; x_wconf 89' lang='lat' dir='ltr'><strong>Impius</strong></span> <span class='ocrx_word' id='word_1_120' title='bbox 1445 1318 1515 1355; x_wconf 86' lang='lat' dir='ltr'><strong>cx</strong></span> <span class='ocrx_word' id='word_1_121' title='bbox 1550 1317 1663 1369; x_wconf 86' lang='lat' dir='ltr'><strong>quo</strong></span> 
     </span>
    </p>

    <p class='ocr_par' dir='ltr' id='par_1_17' title="bbox 167 1374 1654 1447">
     <span class='ocr_line' id='line_1_18' title="bbox 167 1374 1654 1447; baseline 0 -16"><span class='ocrx_word' id='word_1_122' title='bbox 167 1374 400 1447; x_wconf 85' lang='lat' dir='ltr'><strong>Tydides</strong></span> <span class='ocrx_word' id='word_1_123' title='bbox 436 1378 534 1432; x_wconf 89' lang='lat' dir='ltr'><strong>sed</strong></span> <span class='ocrx_word' id='word_1_124' title='bbox 569 1377 714 1431; x_wconf 91' lang='lat' dir='ltr'><strong>enim</strong></span> <span class='ocrx_word' id='word_1_125' title='bbox 751 1376 1126 1446; x_wconf 86' lang='lat' dir='ltr'><strong>scelerumque</strong></span> <span class='ocrx_word' id='word_1_126' title='bbox 1161 1378 1414 1431; x_wconf 86' lang='lat' dir='ltr'><strong>inventor</strong></span> <span class='ocrx_word' id='word_1_127' title='bbox 1451 1378 1654 1444; x_wconf 73' lang='lat' dir='ltr'><strong>UlixeS,</strong></span> 
     </span>
    </p>

    <p class='ocr_par' dir='ltr' id='par_1_18' title="bbox 169 1453 1875 1522">
     <span class='ocr_line' id='line_1_19' title="bbox 169 1453 1875 1522; baseline -0.001 -15"><span class='ocrx_word' id='word_1_128' title='bbox 169 1454 360 1509; x_wconf 79' lang='lat' dir='ltr'><strong>Fatale</strong></span> <span class='ocrx_word' id='word_1_129' title='bbox 395 1454 641 1522; x_wconf 83' lang='lat' dir='ltr'><strong>adgressi</strong></span> <span class='ocrx_word' id='word_1_130' title='bbox 678 1456 890 1507; x_wconf 82' lang='lat' dir='ltr'><strong>sacrato</strong></span> <span class='ocrx_word' id='word_1_131' title='bbox 927 1453 1165 1507; x_wconf 83' lang='lat' dir='ltr'><strong>avellere</strong></span> <span class='ocrx_word' id='word_1_132' title='bbox 1199 1454 1405 1522; x_wconf 88' lang='lat' dir='ltr'><strong>templo</strong></span> <span class='ocrx_word' id='word_1_133' title='bbox 1802 1466 1875 1505; x_wconf 76' lang='lat'><strong>165</strong></span> 
     </span>
    </p>

    <p class='ocr_par' dir='ltr' id='par_1_19' title="bbox 169 1529 1524 1599">
     <span class='ocr_line' id='line_1_20' title="bbox 169 1529 1524 1599; baseline -0.001 -15"><span class='ocrx_word' id='word_1_134' title='bbox 169 1530 488 1599; x_wconf 85' lang='lat' dir='ltr'><strong>Palladium,</strong></span> <span class='ocrx_word' id='word_1_135' title='bbox 523 1530 696 1585; x_wconf 89' lang='lat' dir='ltr'><strong>eaesis</strong></span> <span class='ocrx_word' id='word_1_136' title='bbox 731 1546 975 1583; x_wconf 87' lang='lat' dir='ltr'><strong>summae</strong></span> <span class='ocrx_word' id='word_1_137' title='bbox 1011 1529 1333 1583; x_wconf 82' lang='lat' dir='ltr'><strong>custodibus</strong></span> <span class='ocrx_word' id='word_1_138' title='bbox 1367 1530 1524 1597; x_wconf 87' lang='lat' dir='ltr'><strong>arcis,</strong></span> 
     </span>
    </p>

    <p class='ocr_par' dir='ltr' id='par_1_20' title="bbox 169 1604 1698 1677">
     <span class='ocr_line' id='line_1_21' title="bbox 169 1604 1698 1677; baseline -0.003 -16"><span class='ocrx_word' id='word_1_139' title='bbox 169 1608 494 1677; x_wconf 84' lang='lat' dir='ltr'><strong>Corripuere</strong></span> <span class='ocrx_word' id='word_1_140' title='bbox 530 1623 736 1661; x_wconf 85' lang='lat' dir='ltr'><strong>sacram</strong></span> <span class='ocrx_word' id='word_1_141' title='bbox 773 1606 1024 1675; x_wconf 86' lang='lat' dir='ltr'><strong>effigiem,</strong></span> <span class='ocrx_word' id='word_1_142' title='bbox 1060 1605 1421 1673; x_wconf 86' lang='lat' dir='ltr'><strong>manibusque</strong></span> <span class='ocrx_word' id='word_1_143' title='bbox 1454 1604 1698 1660; x_wconf 86' lang='lat' dir='ltr'><strong>cruentis</strong></span> 
     </span>
    </p>

    <p class='ocr_par' dir='ltr' id='par_1_21' title="bbox 170 1682 1384 1752">
     <span class='ocr_line' id='line_1_22' title="bbox 170 1682 1384 1752; baseline -0.001 -15"><span class='ocrx_word' id='word_1_144' title='bbox 170 1682 458 1752; x_wconf 77' lang='lat' dir='ltr'><strong>virgineas</strong></span> <span class='ocrx_word' id='word_1_145' title='bbox 493 1684 612 1738; x_wconf 85' lang='lat' dir='ltr'><strong>ausi</strong></span> <span class='ocrx_word' id='word_1_146' title='bbox 648 1682 808 1737; x_wconf 77' lang='lat' dir='ltr'><strong>divae</strong></span> <span class='ocrx_word' id='word_1_147' title='bbox 843 1682 1165 1751; x_wconf 81' lang='lat' dir='ltr'><strong>contingere</strong></span> <span class='ocrx_word' id='word_1_148' title='bbox 1200 1682 1384 1750; x_wconf 76' lang='lat' dir='ltr'><strong>vittae,</strong></span> 
     </span>
    </p>

    <p class='ocr_par' dir='ltr' id='par_1_22' title="bbox 171 1758 1389 1827">
     <span class='ocr_line' id='line_1_23' title="bbox 171 1758 1389 1827; baseline -0.001 -14"><span class='ocrx_word' id='word_1_149' title='bbox 171 1761 255 1814; x_wconf 87' lang='lat' dir='ltr'><strong>Ex</strong></span> <span class='ocrx_word' id='word_1_150' title='bbox 289 1761 382 1814; x_wconf 92' lang='lat' dir='ltr'><strong>illo</strong></span> <span class='ocrx_word' id='word_1_151' title='bbox 418 1761 588 1815; x_wconf 84' lang='lat' dir='ltr'><strong>fluere</strong></span> <span class='ocrx_word' id='word_1_152' title='bbox 623 1777 686 1813; x_wconf 86' lang='lat' dir='ltr'><strong>ac</strong></span> <span class='ocrx_word' id='word_1_153' title='bbox 720 1763 870 1813; x_wconf 88' lang='lat' dir='ltr'><strong>retro</strong></span> <span class='ocrx_word' id='word_1_154' title='bbox 906 1758 1165 1827; x_wconf 88' lang='lat' dir='ltr'><strong>sublapsa</strong></span> <span class='ocrx_word' id='word_1_155' title='bbox 1196 1759 1389 1812; x_wconf 86' lang='lat' dir='ltr'><strong>referri</strong></span> 
     </span>
    </p>

    <p class='ocr_par' dir='ltr' id='par_1_23' title="bbox 171 1834 1876 1905">
     <span class='ocr_line' id='line_1_24' title="bbox 171 1834 1876 1905; baseline -0.001 -15"><span class='ocrx_word' id='word_1_156' title='bbox 171 1837 306 1905; x_wconf 88' lang='lat' dir='ltr'><strong>Spes</strong></span> <span class='ocrx_word' id='word_1_157' title='bbox 343 1837 606 1905; x_wconf 87' lang='lat' dir='ltr'><strong>Danaum,</strong></span> <span class='ocrx_word' id='word_1_158' title='bbox 641 1837 849 1890; x_wconf 82' lang='lat' dir='ltr'><strong>fractae</strong></span> <span class='ocrx_word' id='word_1_159' title='bbox 885 1835 1041 1903; x_wconf 74' lang='lat' dir='ltr'><strong>vireS,</strong></span> <span class='ocrx_word' id='word_1_160' title='bbox 1077 1851 1273 1889; x_wconf 83' lang='lat' dir='ltr'><strong>aversa</strong></span> <span class='ocrx_word' id='word_1_161' title='bbox 1306 1834 1445 1889; x_wconf 82' lang='lat' dir='ltr'><strong>deae</strong></span> <span class='ocrx_word' id='word_1_162' title='bbox 1476 1847 1649 1888; x_wconf 86' lang='lat' dir='ltr'><strong>mens.</strong></span> <span class='ocrx_word' id='word_1_163' title='bbox 1804 1847 1876 1888; x_wconf 76' lang='lat'><strong>1⁷0</strong></span> 
     </span>
    </p>

    <p class='ocr_par' dir='ltr' id='par_1_24' title="bbox 171 1910 1578 1980">
     <span class='ocr_line' id='line_1_25' title="bbox 171 1910 1578 1980; baseline -0.002 -14"><span class='ocrx_word' id='word_1_164' title='bbox 171 1913 220 1965; x_wconf 90' lang='lat' dir='ltr'>N</span> <span class='ocrx_word' id='word_1_165' title='bbox 226 1930 288 1966; x_wconf 92' lang='lat' dir='ltr'><strong>ec</strong></span> <span class='ocrx_word' id='word_1_166' title='bbox 324 1912 506 1966; x_wconf 89' lang='lat' dir='ltr'><strong>dubiis</strong></span> <span class='ocrx_word' id='word_1_167' title='bbox 539 1929 606 1966; x_wconf 86' lang='lat' dir='ltr'><strong>ea</strong></span> <span class='ocrx_word' id='word_1_168' title='bbox 643 1913 797 1980; x_wconf 84' lang='lat' dir='ltr'><strong>signa</strong></span> <span class='ocrx_word' id='word_1_169' title='bbox 833 1911 992 1966; x_wconf 85' lang='lat' dir='ltr'><strong>dedit</strong></span> <span class='ocrx_word' id='word_1_170' title='bbox 1027 1911 1273 1965; x_wconf 83' lang='lat' dir='ltr'><strong>Tritonia</strong></span> <span class='ocrx_word' id='word_1_171' title='bbox 1304 1910 1578 1964; x_wconf 87' lang='lat' dir='ltr'><strong>monstris.</strong></span> 
     </span>
    </p>

    <p class='ocr_par' dir='ltr' id='par_1_25' title="bbox 172 1988 1712 2058">
     <span class='ocr_line' id='line_1_26' title="bbox 172 1988 1712 2058; baseline 0.003 -20"><span class='ocrx_word' id='word_1_172' title='bbox 172 1989 282 2041; x_wconf 85' lang='lat' dir='ltr'><strong>Vix</strong></span> <span class='ocrx_word' id='word_1_173' title='bbox 315 1989 554 2058; x_wconf 86' lang='lat' dir='ltr'><strong>positum</strong></span> <span class='ocrx_word' id='word_1_174' title='bbox 590 1989 782 2042; x_wconf 87' lang='lat' dir='ltr'><strong>castris</strong></span> <span class='ocrx_word' id='word_1_175' title='bbox 817 1988 1195 2042; x_wconf 86' lang='lat' dir='ltr'><strong>simulacrum:</strong></span> <span class='ocrx_word' id='word_1_176' title='bbox 1234 2003 1419 2041; x_wconf 87' lang='lat' dir='ltr'><strong>arsere</strong></span> <span class='ocrx_word' id='word_1_177' title='bbox 1454 2003 1712 2042; x_wconf 84' lang='lat' dir='ltr'><strong>coruscae</strong></span> 
     </span>
    </p>

    <p class='ocr_par' dir='ltr' id='par_1_26' title="bbox 173 2064 1713 2132">
     <span class='ocr_line' id='line_1_27' title="bbox 173 2064 1713 2132; baseline 0.001 -14"><span class='ocrx_word' id='word_1_178' title='bbox 173 2065 493 2118; x_wconf 88' lang='lat' dir='ltr'><strong>Luminibus</strong></span> <span class='ocrx_word' id='word_1_179' title='bbox 534 2065 783 2118; x_wconf 88' lang='lat' dir='ltr'><strong>flammae</strong></span> <span class='ocrx_word' id='word_1_180' title='bbox 820 2064 1064 2132; x_wconf 87' lang='lat' dir='ltr'><strong>arrectis,</strong></span> <span class='ocrx_word' id='word_1_181' title='bbox 1100 2065 1386 2132; x_wconf 87' lang='lat' dir='ltr'><strong>salsusque</strong></span> <span class='ocrx_word' id='word_1_182' title='bbox 1420 2079 1522 2132; x_wconf 90' lang='lat' dir='ltr'><strong>per</strong></span> <span class='ocrx_word' id='word_1_183' title='bbox 1556 2069 1713 2118; x_wconf 84' lang='lat' dir='ltr'><strong>artus</strong></span> 
     </span>
    </p>

    <p class='ocr_par' dir='ltr' id='par_1_27' title="bbox 174 2138 1587 2211">
     <span class='ocr_line' id='line_1_28' title="bbox 174 2138 1587 2211; baseline -0.001 -17"><span class='ocrx_word' id='word_1_184' title='bbox 174 2141 352 2194; x_wconf 90' lang='lat' dir='ltr'><strong>Sudor</strong></span> <span class='ocrx_word' id='word_1_185' title='bbox 385 2142 466 2209; x_wconf 92' lang='lat' dir='ltr'><strong>iit,</strong></span> <span class='ocrx_word' id='word_1_186' title='bbox 502 2145 700 2211; x_wconf 86' lang='lat' dir='ltr'><strong>terque</strong></span> <span class='ocrx_word' id='word_1_187' title='bbox 735 2141 858 2209; x_wconf 86' lang='lat' dir='ltr'><strong>ipsa</strong></span> <span class='ocrx_word' id='word_1_188' title='bbox 893 2140 1328 2194; x_wconf 90' lang='lat' dir='ltr'><strong>solo—mirabile</strong></span> <span class='ocrx_word' id='word_1_189' title='bbox 1363 2138 1587 2192; x_wconf 90' lang='lat' dir='ltr'><strong>dictu—</strong></span> 
     </span>
    </p>

    <p class='ocr_par' dir='ltr' id='par_1_28' title="bbox 174 2217 1879 2287">
     <span class='ocr_line' id='line_1_29' title="bbox 174 2217 1879 2287; baseline -0.003 -15"><span class='ocrx_word' id='word_1_190' title='bbox 174 2217 423 2285; x_wconf 88' lang='lat' dir='ltr'><strong>Emicuit,</strong></span> <span class='ocrx_word' id='word_1_191' title='bbox 448 2235 802 2287; x_wconf 86' lang='lat' dir='ltr'><strong>parmamque</strong></span> <span class='ocrx_word' id='word_1_192' title='bbox 848 2235 1007 2272; x_wconf 88' lang='lat' dir='ltr'><strong>erens</strong></span> <span class='ocrx_word' id='word_1_193' title='bbox 1029 2217 1357 2285; x_wconf 84' lang='lat' dir='ltr'><strong>hastamque</strong></span> <span class='ocrx_word' id='word_1_194' title='bbox 1381 2219 1725 2270; x_wconf 87' lang='lat' dir='ltr'><strong>trementem.</strong></span> <span class='ocrx_word' id='word_1_195' title='bbox 1808 2227 1879 2270; x_wconf 72' lang='lat'><strong>1⁷5</strong></span> 
     </span>
    </p>

    <p class='ocr_par' dir='ltr' id='par_1_29' title="bbox 173 2291 1729 2363">
     <span class='ocr_line' id='line_1_30' title="bbox 173 2291 1729 2363; baseline -0.002 -15"><span class='ocrx_word' id='word_1_196' title='bbox 173 2294 464 2362; x_wconf 87' lang='lat' dir='ltr'><strong>Extemplo</strong></span> <span class='ocrx_word' id='word_1_197' title='bbox 499 2295 824 2362; x_wconf 83' lang='lat' dir='ltr'><strong>temptanda</strong></span> <span class='ocrx_word' id='word_1_198' title='bbox 856 2295 988 2362; x_wconf 85' lang='lat' dir='ltr'><strong>fuga</strong></span> <span class='ocrx_word' id='word_1_199' title='bbox 1022 2295 1171 2348; x_wconf 88' lang='lat' dir='ltr'><strong>canit</strong></span> <span class='ocrx_word' id='word_1_200' title='bbox 1207 2309 1448 2363; x_wconf 89' lang='lat' dir='ltr'><strong>aequora</strong></span> <span class='ocrx_word' id='word_1_201' title='bbox 1484 2291 1729 2360; x_wconf 85' lang='lat' dir='ltr'><strong>Calchas,</strong></span> 
     </span>
    </p>

    <p class='ocr_par' dir='ltr' id='par_1_30' title="bbox 173 2369 1561 2440">
     <span class='ocr_line' id='line_1_31' title="bbox 173 2369 1561 2440; baseline -0.001 -17"><span class='ocrx_word' id='word_1_202' title='bbox 173 2370 226 2423; x_wconf 90' lang='lat' dir='ltr'>N</span> <span class='ocrx_word' id='word_1_203' title='bbox 231 2387 292 2424; x_wconf 90' lang='lat' dir='ltr'><strong>ec</strong></span> <span class='ocrx_word' id='word_1_204' title='bbox 324 2387 482 2440; x_wconf 87' lang='lat' dir='ltr'><strong>posse</strong></span> <span class='ocrx_word' id='word_1_205' title='bbox 521 2370 792 2437; x_wconf 84' lang='lat' dir='ltr'><strong>Argolicis</strong></span> <span class='ocrx_word' id='word_1_206' title='bbox 832 2370 1076 2424; x_wconf 82' lang='lat' dir='ltr'><strong>exscindi</strong></span> <span class='ocrx_word' id='word_1_207' title='bbox 1118 2371 1385 2440; x_wconf 80' lang='lat' dir='ltr'><strong>Pergama</strong></span> <span class='ocrx_word' id='word_1_208' title='bbox 1420 2369 1561 2438; x_wconf 86' lang='lat' dir='ltr'><strong>telis,</strong></span> 
     </span>
    </p>

    <p class='ocr_par' dir='ltr' id='par_1_31' title="bbox 173 2445 1637 2517">
     <span class='ocr_line' id='line_1_32' title="bbox 173 2445 1637 2517; baseline -0.001 -18"><span class='ocrx_word' id='word_1_209' title='bbox 173 2445 370 2501; x_wconf 87' lang='lat' dir='ltr'><strong>Omina</strong></span> <span class='ocrx_word' id='word_1_210' title='bbox 401 2448 457 2500; x_wconf 87' lang='lat' dir='ltr'><strong>ni</strong></span> <span class='ocrx_word' id='word_1_211' title='bbox 494 2449 749 2514; x_wconf 85' lang='lat' dir='ltr'><strong>repetant</strong></span> <span class='ocrx_word' id='word_1_212' title='bbox 786 2448 970 2515; x_wconf 83' lang='lat' dir='ltr'><strong>Argis,</strong></span> <span class='ocrx_word' id='word_1_213' title='bbox 1007 2463 1321 2517; x_wconf 89' lang='lat' dir='ltr'><strong>numenque</strong></span> <span class='ocrx_word' id='word_1_214' title='bbox 1355 2446 1637 2514; x_wconf 86' lang='lat' dir='ltr'><strong>reducant,</strong></span> 
     </span>
    </p>

    <p class='ocr_par' dir='ltr' id='par_1_32' title="bbox 175 2522 1615 2593">
     <span class='ocr_line' id='line_1_33' title="bbox 175 2522 1615 2593; baseline -0.001 -17"><span class='ocrx_word' id='word_1_215' title='bbox 175 2523 336 2588; x_wconf 83' lang='lat' dir='ltr'><strong>Quod</strong></span> <span class='ocrx_word' id='word_1_216' title='bbox 369 2523 564 2593; x_wconf 80' lang='lat' dir='ltr'><strong>pelago</strong></span> <span class='ocrx_word' id='word_1_217' title='bbox 601 2527 661 2577; x_wconf 92' lang='lat' dir='ltr'><strong>et</strong></span> <span class='ocrx_word' id='word_1_218' title='bbox 695 2523 876 2577; x_wconf 84' lang='lat' dir='ltr'><strong>curvis</strong></span> <span class='ocrx_word' id='word_1_219' title='bbox 911 2540 1096 2578; x_wconf 86' lang='lat' dir='ltr'><strong>seeum</strong></span> <span class='ocrx_word' id='word_1_220' title='bbox 1132 2539 1365 2578; x_wconf 86' lang='lat' dir='ltr'><strong>avexere</strong></span> <span class='ocrx_word' id='word_1_221' title='bbox 1400 2522 1615 2577; x_wconf 61' lang='lat' dir='ltr'><strong>carinis</strong></span> 
     </span>
    </p>

    <p class='ocr_par' dir='ltr' id='par_1_33' title="bbox 175 2600 1885 2670">
     <span class='ocr_line' id='line_1_34' title="bbox 175 2600 1885 2670; baseline -0.002 -16"><span class='ocrx_word' id='word_1_222' title='bbox 175 2601 249 2654; x_wconf 85' lang='lat' dir='ltr'><strong>Et</strong></span> <span class='ocrx_word' id='word_1_223' title='bbox 282 2617 438 2668; x_wconf 89' lang='lat' dir='ltr'><strong>nune,</strong></span> <span class='ocrx_word' id='word_1_224' title='bbox 475 2600 624 2670; x_wconf 91' lang='lat' dir='ltr'><strong>quod</strong></span> <span class='ocrx_word' id='word_1_225' title='bbox 659 2601 867 2669; x_wconf 87' lang='lat' dir='ltr'><strong>patrias</strong></span> <span class='ocrx_word' id='word_1_226' title='bbox 902 2605 1068 2654; x_wconf 83' lang='lat' dir='ltr'><strong>vento</strong></span> <span class='ocrx_word' id='word_1_227' title='bbox 1102 2601 1317 2670; x_wconf 89' lang='lat' dir='ltr'><strong>petiere</strong></span> <span class='ocrx_word' id='word_1_228' title='bbox 1351 2601 1622 2668; x_wconf 78' lang='lat' dir='ltr'><strong>Mycenas,</strong></span> <span class='ocrx_word' id='word_1_229' title='bbox 1812 2611 1885 2652; x_wconf 70' lang='grc' dir='ltr'><strong>ιω</strong></span> 
     </span>
    </p>

    <p class='ocr_par' dir='ltr' id='par_1_34' title="bbox 178 2676 1775 2746">
     <span class='ocr_line' id='line_1_35' title="bbox 178 2676 1775 2746; baseline -0.001 -16"><span class='ocrx_word' id='word_1_230' title='bbox 178 2679 352 2730; x_wconf 82' lang='lat' dir='ltr'><strong>Arma</strong></span> <span class='ocrx_word' id='word_1_231' title='bbox 387 2678 628 2745; x_wconf 88' lang='lat' dir='ltr'><strong>deosque</strong></span> <span class='ocrx_word' id='word_1_232' title='bbox 664 2680 863 2746; x_wconf 86' lang='lat' dir='ltr'><strong>parant</strong></span> <span class='ocrx_word' id='word_1_233' title='bbox 899 2677 1144 2745; x_wconf 86' lang='lat' dir='ltr'><strong>comites,</strong></span> <span class='ocrx_word' id='word_1_234' title='bbox 1180 2676 1487 2745; x_wconf 83' lang='lat' dir='ltr'><strong>pelagoque</strong></span> <span class='ocrx_word' id='word_1_235' title='bbox 1522 2690 1775 2729; x_wconf 87' lang='lat' dir='ltr'><strong>remenso</strong></span> 
     </span>
    </p>

    <p class='ocr_par' dir='ltr' id='par_1_35' title="bbox 178 2752 1639 2822">
     <span class='ocr_line' id='line_1_36' title="bbox 178 2752 1639 2822; baseline 0 -16"><span class='ocrx_word' id='word_1_236' title='bbox 178 2753 448 2820; x_wconf 86' lang='lat' dir='ltr'><strong>Inprovisi</strong></span> <span class='ocrx_word' id='word_1_237' title='bbox 483 2754 734 2807; x_wconf 88' lang='lat' dir='ltr'><strong>aderunt.</strong></span> <span class='ocrx_word' id='word_1_238' title='bbox 810 2755 902 2807; x_wconf 86' lang='lat' dir='ltr'><strong>Ita</strong></span> <span class='ocrx_word' id='word_1_239' title='bbox 937 2753 1143 2822; x_wconf 82' lang='lat' dir='ltr'><strong>digerit</strong></span> <span class='ocrx_word' id='word_1_240' title='bbox 1179 2754 1361 2806; x_wconf 85' lang='lat' dir='ltr'><strong>omina</strong></span> <span class='ocrx_word' id='word_1_241' title='bbox 1396 2752 1639 2806; x_wconf 83' lang='lat' dir='ltr'><strong>Calchas.</strong></span> 
     </span>
    </p>

    <p class='ocr_par' dir='ltr' id='par_1_36' title="bbox 179 2828 1578 2897">
     <span class='ocr_line' id='line_1_37' title="bbox 179 2828 1578 2897; baseline 0.001 -18"><span class='ocrx_word' id='word_1_242' title='bbox 179 2828 338 2879; x_wconf 81' lang='lat' dir='ltr'><strong>Hane</strong></span> <span class='ocrx_word' id='word_1_243' title='bbox 372 2843 472 2893; x_wconf 88' lang='lat' dir='ltr'><strong>pro</strong></span> <span class='ocrx_word' id='word_1_244' title='bbox 510 2828 754 2881; x_wconf 87' lang='lat' dir='ltr'><strong>Palladio</strong></span> <span class='ocrx_word' id='word_1_245' title='bbox 790 2830 997 2895; x_wconf 88' lang='lat' dir='ltr'><strong>moniti,</strong></span> <span class='ocrx_word' id='word_1_246' title='bbox 1034 2845 1135 2897; x_wconf 92' lang='lat' dir='ltr'><strong>pro</strong></span> <span class='ocrx_word' id='word_1_247' title='bbox 1171 2829 1395 2882; x_wconf 89' lang='lat' dir='ltr'><strong>numine</strong></span> <span class='ocrx_word' id='word_1_248' title='bbox 1428 2828 1578 2882; x_wconf 87' lang='lat' dir='ltr'><strong>laeso</strong></span> 
     </span>
    </p>

    <p class='ocr_par' dir='ltr' id='par_1_37' title="bbox 179 2900 1511 2972">
     <span class='ocr_line' id='line_1_38' title="bbox 179 2900 1511 2972; baseline 0.005 -20"><span class='ocrx_word' id='word_1_249' title='bbox 179 2900 428 2966; x_wconf 84' lang='lat' dir='ltr'><strong>Effigiem</strong></span> <span class='ocrx_word' id='word_1_250' title='bbox 463 2904 722 2968; x_wconf 86' lang='lat' dir='ltr'><strong>statuere,</strong></span> <span class='ocrx_word' id='word_1_251' title='bbox 759 2904 909 2956; x_wconf 82' lang='lat' dir='ltr'><strong>nefas</strong></span> <span class='ocrx_word' id='word_1_252' title='bbox 945 2921 1088 2972; x_wconf 84' lang='lat' dir='ltr'><strong>quae</strong></span> <span class='ocrx_word' id='word_1_253' title='bbox 1123 2905 1287 2958; x_wconf 87' lang='lat' dir='ltr'><strong>triste</strong></span> <span class='ocrx_word' id='word_1_254' title='bbox 1319 2904 1511 2971; x_wconf 88' lang='lat' dir='ltr'><strong>piaret.</strong></span> 
     </span>
    </p>

    <p class='ocr_par' dir='ltr' id='par_1_38' title="bbox 181 2975 1885 3033">
     <span class='ocr_line' id='line_1_39' title="bbox 181 2975 1885 3033; baseline 0.002 -7"><span class='ocrx_word' id='word_1_255' title='bbox 181 2975 343 3026; x_wconf 89' lang='lat' dir='ltr'><strong>Hanc</strong></span> <span class='ocrx_word' id='word_1_256' title='bbox 373 2977 558 3028; x_wconf 89' lang='lat' dir='ltr'><strong>tamen</strong></span> <span class='ocrx_word' id='word_1_257' title='bbox 592 2976 890 3029; x_wconf 87' lang='lat' dir='ltr'><strong>inmensam</strong></span> <span class='ocrx_word' id='word_1_258' title='bbox 928 2978 1155 3033; x_wconf 87' lang='lat' dir='ltr'><strong>Calchas</strong></span> <span class='ocrx_word' id='word_1_259' title='bbox 1188 2980 1444 3033; x_wconf 87' lang='lat' dir='ltr'><strong>attollere</strong></span> <span class='ocrx_word' id='word_1_260' title='bbox 1478 2977 1681 3032; x_wconf 87' lang='lat' dir='ltr'><strong>molem</strong></span> <span class='ocrx_word' id='word_1_261' title='bbox 1812 2991 1885 3030; x_wconf 74' lang='lat'><strong>186</strong></span> 
     </span>
    </p>
   </div>
   <div class='ocr_carea' id='block_1_2' title="bbox 183 3047 1466 3130">
    <p class='ocr_par' dir='ltr' id='par_1_39' title="bbox 183 3047 1466 3130">
     <span class='ocr_line' id='line_1_40' title="bbox 183 3047 1466 3130; baseline 0.009 -31"><span class='ocrx_word' id='word_1_262' title='bbox 183 3047 490 3101; x_wconf 86' lang='lat' dir='ltr'><strong>Roboribus</strong></span> <span class='ocrx_word' id='word_1_263' title='bbox 523 3051 694 3102; x_wconf 84' lang='lat' dir='ltr'><strong>textis</strong></span> <span class='ocrx_word' id='word_1_264' title='bbox 729 3053 988 3120; x_wconf 86' lang='lat' dir='ltr'><strong>caeloque</strong></span> <span class='ocrx_word' id='word_1_265' title='bbox 1023 3055 1260 3108; x_wconf 87' lang='lat' dir='ltr'><strong>educere</strong></span> <span class='ocrx_word' id='word_1_266' title='bbox 1282 3055 1466 3130; x_wconf 61' lang='lat' dir='ltr'><em>Q</em></span> 
     </span>
    </p>
   </div>
   <div class='ocr_carea' id='block_1_3' title="bbox 184 3121 1558 3220">
    <p class='ocr_par' dir='ltr' id='par_1_40' title="bbox 184 3121 1558 3220">
     <span class='ocr_line' id='line_1_41' title="bbox 184 3121 1558 3220; baseline 0.009 -48"><span class='ocrx_word' id='word_1_267' title='bbox 184 3121 269 3173; x_wconf 83' lang='lat' dir='ltr'><strong>Ne</strong></span> <span class='ocrx_word' id='word_1_268' title='bbox 304 3123 470 3189; x_wconf 89' lang='lat' dir='ltr'><strong>recipi</strong></span> <span class='ocrx_word' id='word_1_269' title='bbox 504 3124 694 3191; x_wconf 86' lang='lat' dir='ltr'><strong>portis,</strong></span> <span class='ocrx_word' id='word_1_270' title='bbox 730 3128 828 3179; x_wconf 89' lang='lat' dir='ltr'><strong>aut</strong></span> <span class='ocrx_word' id='word_1_271' title='bbox 861 3127 986 3181; x_wconf 88' lang='lat' dir='ltr'><strong>duci</strong></span> <span class='ocrx_word' id='word_1_272' title='bbox 1021 3129 1080 3182; x_wconf 88' lang='lat' dir='ltr'><strong>in</strong></span> <span class='ocrx_word' id='word_1_273' title='bbox 1116 3131 1332 3184; x_wconf 89' lang='lat' dir='ltr'><strong>moenia</strong></span> <span class='ocrx_word' id='word_1_274' title='bbox 1365 3131 1558 3220; x_wconf 60' lang='lat' dir='ltr'><strong>possit.</strong></span> 
     </span>
    </p>
   </div>
  </div>
 </body>
</html>
