<?xml version="1.0" encoding="UTF-8"?>
<!DOCTYPE html PUBLIC "-//W3C//DTD XHTML 1.0 Transitional//EN"
    "http://www.w3.org/TR/xhtml1/DTD/xhtml1-transitional.dtd">
<html xmlns="http://www.w3.org/1999/xhtml" xml:lang="en" lang="en">
 <head>
  <title>
</title>
<meta http-equiv="Content-Type" content="text/html;charset=utf-8" />
  <meta name='ocr-system' content='tesseract 3.04.00' />
  <meta name='ocr-capabilities' content='ocr_page ocr_carea ocr_par ocr_line ocrx_word'/>
</head>
<body>
  <div class='ocr_page' id='page_1' title='image "./operaexrecensio04virggoog/operaexrecensio04virggoog_0294.png"; bbox 0 0 2163 3401; ppageno 0'>
   <div class='ocr_carea' id='block_1_1' title="bbox 170 102 1388 156">
    <p class='ocr_par' dir='ltr' id='par_1_1' title="bbox 170 102 1388 156">
     <span class='ocr_line' id='line_1_1' title="bbox 170 102 1388 156; baseline -0.004 0"><span class='ocrx_word' id='word_1_1' title='bbox 170 106 267 156; x_wconf 81' lang='lat'>280</span> <span class='ocrx_word' id='word_1_2' title='bbox 616 105 675 152; x_wconf 90' lang='lat' dir='ltr'>P.</span> <span class='ocrx_word' id='word_1_3' title='bbox 712 103 1017 151; x_wconf 84' lang='lat' dir='ltr'>VERGILI</span> <span class='ocrx_word' id='word_1_4' title='bbox 1053 102 1313 151; x_wconf 78' lang='lat' dir='ltr'>MARON</span> <span class='ocrx_word' id='word_1_5' title='bbox 1322 102 1388 151; x_wconf 88' lang='lat' dir='ltr'>IS</span> 
     </span>
    </p>
   </div>
   <div class='ocr_carea' id='block_1_2' title="bbox 160 182 1877 3210">
    <p class='ocr_par' dir='ltr' id='par_1_2' title="bbox 160 182 1877 3210">
     <span class='ocr_line' id='line_1_2' title="bbox 167 182 1696 253; baseline 0 -14"><span class='ocrx_word' id='word_1_6' title='bbox 167 185 309 239; x_wconf 86' lang='lat' dir='ltr'>Cum</span> <span class='ocrx_word' id='word_1_7' title='bbox 342 185 541 238; x_wconf 88' lang='lat' dir='ltr'>tamen.</span> <span class='ocrx_word' id='word_1_8' title='bbox 564 182 804 253; x_wconf 82' lang='lat' dir='ltr'>ingentis</span> <span class='ocrx_word' id='word_1_9' title='bbox 841 182 1172 236; x_wconf 80' lang='lat' dir='ltr'><strong>Rutulorum</strong></span> <span class='ocrx_word' id='word_1_10' title='bbox 1208 182 1410 252; x_wconf 81' lang='lat' dir='ltr'>linquis</span> <span class='ocrx_word' id='word_1_11' title='bbox 1444 189 1696 239; x_wconf 84' lang='lat' dir='ltr'>acervos!</span> 
     </span>
     <span class='ocr_line' id='line_1_3' title="bbox 236 256 1877 326; baseline 0.001 -13"><span class='ocrx_word' id='word_1_12' title='bbox 236 261 288 313; x_wconf 91' lang='lat' dir='ltr'>N</span> <span class='ocrx_word' id='word_1_13' title='bbox 292 276 354 313; x_wconf 93' lang='lat' dir='ltr'>ec</span> <span class='ocrx_word' id='word_1_14' title='bbox 389 260 500 313; x_wconf 89' lang='lat' dir='ltr'>iam</span> <span class='ocrx_word' id='word_1_15' title='bbox 534 262 680 314; x_wconf 81' lang='lat' dir='ltr'>fama</span> <span class='ocrx_word' id='word_1_16' title='bbox 713 258 843 312; x_wconf 89' lang='lat' dir='ltr'>mali</span> <span class='ocrx_word' id='word_1_17' title='bbox 872 256 1035 326; x_wconf 80' lang='lat' dir='ltr'>tanti,</span> <span class='ocrx_word' id='word_1_18' title='bbox 1074 258 1174 312; x_wconf 89' lang='lat' dir='ltr'>sed</span> <span class='ocrx_word' id='word_1_19' title='bbox 1211 260 1411 314; x_wconf 78' lang='lat' dir='ltr'><strong>certior</strong></span> <span class='ocrx_word' id='word_1_20' title='bbox 1447 262 1637 314; x_wconf 81' lang='lat' dir='ltr'><strong>auctor</strong></span> <span class='ocrx_word' id='word_1_21' title='bbox 1799 276 1877 315; x_wconf 78' lang='lat'>510</span> 
     </span>
     <span class='ocr_line' id='line_1_4' title="bbox 170 334 1358 402; baseline -0.002 -11"><span class='ocrx_word' id='word_1_22' title='bbox 170 336 412 391; x_wconf 86' lang='lat' dir='ltr'>Advolat</span> <span class='ocrx_word' id='word_1_23' title='bbox 450 340 688 402; x_wconf 84' lang='lat' dir='ltr'>Aeneae,</span> <span class='ocrx_word' id='word_1_24' title='bbox 722 335 876 389; x_wconf 89' lang='lat' dir='ltr'>tenui</span> <span class='ocrx_word' id='word_1_25' title='bbox 912 334 1226 388; x_wconf 89' lang='lat' dir='ltr'>discrimine</span> <span class='ocrx_word' id='word_1_26' title='bbox 1261 335 1358 389; x_wconf 90' lang='lat' dir='ltr'>leti</span> 
     </span>
     <span class='ocr_line' id='line_1_5' title="bbox 168 410 1596 481; baseline 0.001 -15"><span class='ocrx_word' id='word_1_27' title='bbox 168 414 305 466; x_wconf 86' lang='lat' dir='ltr'>Esse</span> <span class='ocrx_word' id='word_1_28' title='bbox 342 430 490 477; x_wconf 84' lang='lat' dir='ltr'>suos;</span> <span class='ocrx_word' id='word_1_29' title='bbox 524 417 757 481; x_wconf 85' lang='lat' dir='ltr'>tempus,</span> <span class='ocrx_word' id='word_1_30' title='bbox 795 410 967 464; x_wconf 86' lang='lat' dir='ltr'>versis</span> <span class='ocrx_word' id='word_1_31' title='bbox 1003 427 1320 465; x_wconf 81' lang='lat' dir='ltr'>succurrere</span> <span class='ocrx_word' id='word_1_32' title='bbox 1357 412 1596 467; x_wconf 86' lang='lat' dir='ltr'>Teucris.</span> 
     </span>
     <span class='ocr_line' id='line_1_6' title="bbox 169 486 1848 558; baseline 0 -17"><span class='ocrx_word' id='word_1_33' title='bbox 169 489 443 542; x_wconf 84' lang='lat' dir='ltr'><strong>Proxuma</strong></span> <span class='ocrx_word' id='word_1_34' title='bbox 478 505 728 558; x_wconf 82' lang='lat' dir='ltr'>quaeque</span> <span class='ocrx_word' id='word_1_35' title='bbox 764 488 926 541; x_wconf 89' lang='lat' dir='ltr'>metit</span> <span class='ocrx_word' id='word_1_36' title='bbox 960 486 1160 554; x_wconf 82' lang='lat' dir='ltr'>gladic,</span> <span class='ocrx_word' id='word_1_37' title='bbox 1199 487 1479 556; x_wconf 86' lang='lat' dir='ltr'>latumque</span> <span class='ocrx_word' id='word_1_38' title='bbox 1513 505 1612 556; x_wconf 87' lang='lat' dir='ltr'>per</span> <span class='ocrx_word' id='word_1_39' title='bbox 1648 504 1848 557; x_wconf 80' lang='lat' dir='ltr'>agmen</span> 
     </span>
     <span class='ocr_line' id='line_1_7' title="bbox 169 563 1682 633; baseline -0.001 -15"><span class='ocrx_word' id='word_1_40' title='bbox 169 564 389 618; x_wconf 86' lang='lat' dir='ltr'>Ardens</span> <span class='ocrx_word' id='word_1_41' title='bbox 422 564 657 618; x_wconf 87' lang='lat' dir='ltr'>limitem</span> <span class='ocrx_word' id='word_1_42' title='bbox 692 563 809 631; x_wconf 82' lang='lat' dir='ltr'>agit</span> <span class='ocrx_word' id='word_1_43' title='bbox 842 563 1004 628; x_wconf 79' lang='lat' dir='ltr'>ferro,</span> <span class='ocrx_word' id='word_1_44' title='bbox 1040 566 1114 630; x_wconf 88' lang='lat' dir='ltr'>te,</span> <span class='ocrx_word' id='word_1_45' title='bbox 1151 563 1348 631; x_wconf 88' lang='lat' dir='ltr'>Turne,</span> <span class='ocrx_word' id='word_1_46' title='bbox 1385 564 1682 633; x_wconf 87' lang='lat' dir='ltr'>superbum</span> 
     </span>
     <span class='ocr_line' id='line_1_8' title="bbox 168 638 1872 709; baseline 0.001 -15"><span class='ocrx_word' id='word_1_47' title='bbox 168 638 357 695; x_wconf 85' lang='lat' dir='ltr'>Caede</span> <span class='ocrx_word' id='word_1_48' title='bbox 392 656 533 693; x_wconf 79' lang='lat' dir='ltr'>nova</span> <span class='ocrx_word' id='word_1_49' title='bbox 567 656 853 709; x_wconf 87' lang='lat' dir='ltr'>quaerens.</span> <span class='ocrx_word' id='word_1_50' title='bbox 928 639 1121 705; x_wconf 88' lang='lat' dir='ltr'>Pallas,</span> <span class='ocrx_word' id='word_1_51' title='bbox 1159 639 1431 709; x_wconf 86' lang='lat' dir='ltr'>Euander,</span> <span class='ocrx_word' id='word_1_52' title='bbox 1465 640 1521 693; x_wconf 88' lang='lat' dir='ltr'>in</span> <span class='ocrx_word' id='word_1_53' title='bbox 1559 640 1693 709; x_wconf 88' lang='lat' dir='ltr'>ipsis</span> <span class='ocrx_word' id='word_1_54' title='bbox 1795 656 1872 695; x_wconf 69' lang='grc' dir='ltr'>σιτ»</span> 
     </span>
     <span class='ocr_line' id='line_1_9' title="bbox 167 715 1683 784; baseline 0.001 -16"><span class='ocrx_word' id='word_1_55' title='bbox 167 715 366 770; x_wconf 87' lang='lat' dir='ltr'>Omnia</span> <span class='ocrx_word' id='word_1_56' title='bbox 402 721 531 771; x_wconf 87' lang='lat' dir='ltr'>sunt</span> <span class='ocrx_word' id='word_1_57' title='bbox 565 716 749 782; x_wconf 91' lang='lat' dir='ltr'>oculis,</span> <span class='ocrx_word' id='word_1_58' title='bbox 787 730 1021 780; x_wconf 85' lang='lat' dir='ltr'>mensae,</span> <span class='ocrx_word' id='word_1_59' title='bbox 1059 731 1197 783; x_wconf 88' lang='lat' dir='ltr'>quas</span> <span class='ocrx_word' id='word_1_60' title='bbox 1230 716 1442 770; x_wconf 84' lang='lat' dir='ltr'>advena</span> <span class='ocrx_word' id='word_1_61' title='bbox 1474 715 1683 784; x_wconf 89' lang='lat' dir='ltr'>primas</span> 
     </span>
     <span class='ocr_line' id='line_1_10' title="bbox 167 790 1674 863; baseline 0 -18"><span class='ocrx_word' id='word_1_62' title='bbox 167 792 316 846; x_wconf 80' lang='lat' dir='ltr'>Tunc</span> <span class='ocrx_word' id='word_1_63' title='bbox 351 791 505 858; x_wconf 90' lang='lat' dir='ltr'>adiit,</span> <span class='ocrx_word' id='word_1_64' title='bbox 542 791 881 858; x_wconf 80' lang='lat' dir='ltr'>dextraeque</span> <span class='ocrx_word' id='word_1_65' title='bbox 918 791 1096 845; x_wconf 88' lang='lat' dir='ltr'>datae.</span> <span class='ocrx_word' id='word_1_66' title='bbox 1169 790 1442 863; x_wconf 35' lang='lat' dir='ltr'>Sulmone·</span> <span class='ocrx_word' id='word_1_67' title='bbox 1459 795 1674 846; x_wconf 87' lang='lat' dir='ltr'>creatos</span> 
     </span>
     <span class='ocr_line' id='line_1_11' title="bbox 167 866 1761 936; baseline 0.001 -15"><span class='ocrx_word' id='word_1_68' title='bbox 167 867 442 932; x_wconf 72' lang='lat' dir='ltr'>Quattuor</span> <span class='ocrx_word' id='word_1_69' title='bbox 477 867 565 921; x_wconf 92' lang='lat' dir='ltr'>hic</span> <span class='ocrx_word' id='word_1_70' title='bbox 601 868 838 932; x_wconf 53' lang='lat' dir='ltr'>iuvenca</span> <span class='ocrx_word' id='word_1_71' title='bbox 876 866 1126 934; x_wconf 89' lang='lat' dir='ltr'>totidem,</span> <span class='ocrx_word' id='word_1_72' title='bbox 1162 883 1299 936; x_wconf 91' lang='lat' dir='ltr'>quos</span> <span class='ocrx_word' id='word_1_73' title='bbox 1334 867 1534 922; x_wconf 89' lang='lat' dir='ltr'>educat</span> <span class='ocrx_word' id='word_1_74' title='bbox 1571 867 1761 936; x_wconf 85' lang='lat' dir='ltr'>Ufens,</span> 
     </span>
     <span class='ocr_line' id='line_1_12' title="bbox 169 942 1585 1014; baseline 0.002 -20"><span class='ocrx_word' id='word_1_75' title='bbox 169 943 419 997; x_wconf 84' lang='lat' dir='ltr'>Viventis</span> <span class='ocrx_word' id='word_1_76' title='bbox 454 944 617 1014; x_wconf 83' lang='lat' dir='ltr'>rapit,</span> <span class='ocrx_word' id='word_1_77' title='bbox 654 942 875 997; x_wconf 83' lang='lat' dir='ltr'>inferias</span> <span class='ocrx_word' id='word_1_78' title='bbox 911 958 1048 1010; x_wconf 90' lang='lat' dir='ltr'>quos</span> <span class='ocrx_word' id='word_1_79' title='bbox 1083 942 1329 997; x_wconf 90' lang='lat' dir='ltr'>immolet</span> <span class='ocrx_word' id='word_1_80' title='bbox 1365 942 1585 1009; x_wconf 86' lang='lat' dir='ltr'>umbris,</span> 
     </span>
     <span class='ocr_line' id='line_1_13' title="bbox 168 1018 1869 1088; baseline 0.001 -17"><span class='ocrx_word' id='word_1_81' title='bbox 168 1019 506 1088; x_wconf 86' lang='lat' dir='ltr'>Oaptivoque</span> <span class='ocrx_word' id='word_1_82' title='bbox 541 1020 659 1087; x_wconf 84' lang='lat' dir='ltr'>rogi</span> <span class='ocrx_word' id='word_1_83' title='bbox 693 1018 988 1087; x_wconf 86' lang='lat' dir='ltr'>perfundat</span> <span class='ocrx_word' id='word_1_84' title='bbox 1024 1019 1285 1086; x_wconf 87' lang='lat' dir='ltr'>sanguine</span> <span class='ocrx_word' id='word_1_85' title='bbox 1318 1019 1576 1073; x_wconf 88' lang='lat' dir='ltr'>flammas.</span> <span class='ocrx_word' id='word_1_86' title='bbox 1793 1034 1869 1073; x_wconf 75' lang='lat'>⁵20</span> 
     </span>
     <span class='ocr_line' id='line_1_14' title="bbox 170 1094 1692 1164; baseline 0.001 -17"><span class='ocrx_word' id='word_1_87' title='bbox 170 1095 309 1148; x_wconf 88' lang='lat' dir='ltr'>Inde</span> <span class='ocrx_word' id='word_1_88' title='bbox 345 1095 510 1164; x_wconf 82' lang='lat' dir='ltr'>Mago</span> <span class='ocrx_word' id='word_1_89' title='bbox 544 1095 732 1164; x_wconf 89' lang='lat' dir='ltr'>procul</span> <span class='ocrx_word' id='word_1_90' title='bbox 768 1094 1033 1148; x_wconf 84' lang='lat' dir='ltr'>infensam</span> <span class='ocrx_word' id='word_1_91' title='bbox 1068 1095 1428 1151; x_wconf 83' lang='lat' dir='ltr'>contenderat</span> <span class='ocrx_word' id='word_1_92' title='bbox 1462 1096 1692 1149; x_wconf 82' lang='lat' dir='ltr'>hastam.</span> 
     </span>
     <span class='ocr_line' id='line_1_15' title="bbox 172 1170 1705 1241; baseline 0.001 -18"><span class='ocrx_word' id='word_1_93' title='bbox 172 1171 273 1224; x_wconf 92' lang='lat' dir='ltr'>lllc</span> <span class='ocrx_word' id='word_1_94' title='bbox 308 1174 433 1225; x_wconf 89' lang='lat' dir='ltr'>astu</span> <span class='ocrx_word' id='word_1_95' title='bbox 468 1170 617 1225; x_wconf 88' lang='lat' dir='ltr'>subit</span> <span class='ocrx_word' id='word_1_96' title='bbox 642 1192 655 1236; x_wconf 92' lang='grc'><strong>;</strong></span> <span class='ocrx_word' id='word_1_97' title='bbox 691 1174 751 1224; x_wconf 88' lang='lat' dir='ltr'>at</span> <span class='ocrx_word' id='word_1_98' title='bbox 786 1170 1139 1226; x_wconf 87' lang='lat' dir='ltr'>tremibunda</span> <span class='ocrx_word' id='word_1_99' title='bbox 1173 1172 1486 1241; x_wconf 82' lang='lat' dir='ltr'>supervolat</span> <span class='ocrx_word' id='word_1_100' title='bbox 1518 1170 1705 1237; x_wconf 86' lang='lat' dir='ltr'>hasta;</span> 
     </span>
     <span class='ocr_line' id='line_1_16' title="bbox 165 1246 1515 1318; baseline 0.002 -19"><span class='ocrx_word' id='word_1_101' title='bbox 165 1246 238 1300; x_wconf 88' lang='lat' dir='ltr'>Et</span> <span class='ocrx_word' id='word_1_102' title='bbox 270 1264 449 1316; x_wconf 88' lang='lat' dir='ltr'>genua</span> <span class='ocrx_word' id='word_1_103' title='bbox 484 1247 819 1315; x_wconf 88' lang='lat' dir='ltr'>amplectens</span> <span class='ocrx_word' id='word_1_104' title='bbox 853 1246 1051 1300; x_wconf 82' lang='lat' dir='ltr'>effatur</span> <span class='ocrx_word' id='word_1_105' title='bbox 1087 1247 1220 1301; x_wconf 86' lang='lat' dir='ltr'>talia</span> <span class='ocrx_word' id='word_1_106' title='bbox 1255 1247 1515 1318; x_wconf 82' lang='lat' dir='ltr'>supplex:</span> 
     </span>
     <span class='ocr_line' id='line_1_17' title="bbox 168 1322 1444 1393; baseline 0 -17"><span class='ocrx_word' id='word_1_107' title='bbox 168 1323 275 1377; x_wconf 90' lang='lat' dir='ltr'>Per</span> <span class='ocrx_word' id='word_1_108' title='bbox 309 1323 516 1393; x_wconf 86' lang='lat' dir='ltr'>patrios</span> <span class='ocrx_word' id='word_1_109' title='bbox 553 1322 732 1377; x_wconf 86' lang='lat' dir='ltr'>Manis</span> <span class='ocrx_word' id='word_1_110' title='bbox 768 1326 827 1377; x_wconf 91' lang='lat' dir='ltr'>et</span> <span class='ocrx_word' id='word_1_111' title='bbox 862 1338 987 1391; x_wconf 90' lang='lat' dir='ltr'>spes</span> <span class='ocrx_word' id='word_1_112' title='bbox 1022 1323 1299 1391; x_wconf 81' lang='lat' dir='ltr'>surgentis</span> <span class='ocrx_word' id='word_1_113' title='bbox 1337 1324 1444 1377; x_wconf 89' lang='lat' dir='ltr'>Iuli</span> 
     </span>
     <span class='ocr_line' id='line_1_18' title="bbox 166 1400 1869 1469; baseline 0 -16"><span class='ocrx_word' id='word_1_114' title='bbox 166 1400 241 1454; x_wconf 85' lang='lat' dir='ltr'>Te</span> <span class='ocrx_word' id='word_1_115' title='bbox 275 1416 480 1469; x_wconf 88' lang='lat' dir='ltr'>precor,</span> <span class='ocrx_word' id='word_1_116' title='bbox 515 1400 655 1454; x_wconf 90' lang='lat' dir='ltr'>hanc</span> <span class='ocrx_word' id='word_1_117' title='bbox 689 1400 925 1453; x_wconf 86' lang='lat' dir='ltr'>animam</span> <span class='ocrx_word' id='word_1_118' title='bbox 962 1415 1148 1453; x_wconf 85' lang='lat' dir='ltr'>serves</span> <span class='ocrx_word' id='word_1_119' title='bbox 1179 1403 1456 1469; x_wconf 83' lang='lat' dir='ltr'>gnatoque</span> <span class='ocrx_word' id='word_1_120' title='bbox 1490 1400 1763 1469; x_wconf 86' lang='lat' dir='ltr'>patrique.</span> <span class='ocrx_word' id='word_1_121' title='bbox 1792 1413 1869 1453; x_wconf 74' lang='lat'>⁶25</span> 
     </span>
     <span class='ocr_line' id='line_1_19' title="bbox 165 1474 1644 1543; baseline -0.002 -12"><span class='ocrx_word' id='word_1_122' title='bbox 165 1476 267 1531; x_wconf 85' lang='lat' dir='ltr'>Est</span> <span class='ocrx_word' id='word_1_123' title='bbox 303 1478 495 1530; x_wconf 88' lang='lat' dir='ltr'>domus</span> <span class='ocrx_word' id='word_1_124' title='bbox 528 1476 674 1541; x_wconf 83' lang='lat' dir='ltr'>alta3</span> <span class='ocrx_word' id='word_1_125' title='bbox 709 1475 891 1529; x_wconf 81' lang='lat' dir='ltr'>iacent</span> <span class='ocrx_word' id='word_1_126' title='bbox 925 1474 1148 1543; x_wconf 89' lang='lat' dir='ltr'>penitus</span> <span class='ocrx_word' id='word_1_127' title='bbox 1185 1475 1402 1529; x_wconf 85' lang='lat' dir='ltr'>defossa</span> <span class='ocrx_word' id='word_1_128' title='bbox 1436 1475 1644 1529; x_wconf 86' lang='lat' dir='ltr'>talenta</span> 
     </span>
     <span class='ocr_line' id='line_1_20' title="bbox 165 1550 1436 1622; baseline -0.002 -16"><span class='ocrx_word' id='word_1_129' title='bbox 165 1552 376 1607; x_wconf 85' lang='lat' dir='ltr'>Caelati</span> <span class='ocrx_word' id='word_1_130' title='bbox 413 1552 668 1622; x_wconf 83' lang='lat' dir='ltr'>argenti3</span> <span class='ocrx_word' id='word_1_131' title='bbox 704 1554 834 1606; x_wconf 88' lang='lat' dir='ltr'>sunt</span> <span class='ocrx_word' id='word_1_132' title='bbox 870 1550 990 1605; x_wconf 87' lang='lat' dir='ltr'>auri</span> <span class='ocrx_word' id='word_1_133' title='bbox 1026 1551 1272 1619; x_wconf 84' lang='lat' dir='ltr'>pondera</span> <span class='ocrx_word' id='word_1_134' title='bbox 1305 1552 1436 1605; x_wconf 86' lang='lat' dir='ltr'>facti</span> 
     </span>
     <span class='ocr_line' id='line_1_21' title="bbox 166 1626 1537 1699; baseline -0.001 -18"><span class='ocrx_word' id='word_1_135' title='bbox 166 1628 474 1699; x_wconf 88' lang='lat' dir='ltr'>Infectique</span> <span class='ocrx_word' id='word_1_136' title='bbox 508 1628 655 1682; x_wconf 90' lang='lat' dir='ltr'>mihi.</span> <span class='ocrx_word' id='word_1_137' title='bbox 728 1627 853 1681; x_wconf 88' lang='lat' dir='ltr'>Non</span> <span class='ocrx_word' id='word_1_138' title='bbox 886 1626 977 1680; x_wconf 93' lang='lat' dir='ltr'>hic</span> <span class='ocrx_word' id='word_1_139' title='bbox 1011 1626 1240 1681; x_wconf 88' lang='lat' dir='ltr'>victoria</span> <span class='ocrx_word' id='word_1_140' title='bbox 1274 1628 1537 1681; x_wconf 87' lang='lat' dir='ltr'>Teucrum</span> 
     </span>
     <span class='ocr_line' id='line_1_22' title="bbox 165 1703 1665 1772; baseline 0.001 -15"><span class='ocrx_word' id='word_1_141' title='bbox 165 1705 436 1772; x_wconf 85' lang='lat' dir='ltr'>Vertitur,</span> <span class='ocrx_word' id='word_1_142' title='bbox 470 1709 569 1760; x_wconf 87' lang='lat' dir='ltr'>aut</span> <span class='ocrx_word' id='word_1_143' title='bbox 602 1705 783 1758; x_wconf 86' lang='lat' dir='ltr'>anima</span> <span class='ocrx_word' id='word_1_144' title='bbox 814 1721 925 1757; x_wconf 86' lang='lat' dir='ltr'>una</span> <span class='ocrx_word' id='word_1_145' title='bbox 960 1703 1117 1757; x_wconf 87' lang='lat' dir='ltr'>dabit</span> <span class='ocrx_word' id='word_1_146' title='bbox 1153 1703 1464 1758; x_wconf 87' lang='lat' dir='ltr'>discrimina</span> <span class='ocrx_word' id='word_1_147' title='bbox 1496 1707 1665 1758; x_wconf 85' lang='lat' dir='ltr'>tanta.</span> 
     </span>
     <span class='ocr_line' id='line_1_23' title="bbox 165 1780 1868 1837; baseline -0.001 -3"><span class='ocrx_word' id='word_1_148' title='bbox 165 1781 404 1837; x_wconf 84' lang='lat' dir='ltr'>Dixerat.</span> <span class='ocrx_word' id='word_1_149' title='bbox 482 1785 698 1836; x_wconf 82' lang='lat' dir='ltr'>Aeneas</span> <span class='ocrx_word' id='word_1_150' title='bbox 732 1783 923 1834; x_wconf 91' lang='lat' dir='ltr'>eontra</span> <span class='ocrx_word' id='word_1_151' title='bbox 956 1781 1044 1834; x_wconf 89' lang='lat' dir='ltr'>cui</span> <span class='ocrx_word' id='word_1_152' title='bbox 1080 1780 1216 1834; x_wconf 88' lang='lat' dir='ltr'>talia</span> <span class='ocrx_word' id='word_1_153' title='bbox 1249 1780 1435 1834; x_wconf 85' lang='lat' dir='ltr'>reddit</span> <span class='ocrx_word' id='word_1_154' title='bbox 1459 1800 1470 1836; x_wconf 94' lang='lat'>:</span> <span class='ocrx_word' id='word_1_155' title='bbox 1792 1793 1868 1833; x_wconf 72' lang='lat' dir='ltr'>m</span> 
     </span>
     <span class='ocr_line' id='line_1_24' title="bbox 166 1856 1706 1927; baseline 0 -17"><span class='ocrx_word' id='word_1_156' title='bbox 166 1858 213 1910; x_wconf 88' lang='lat' dir='ltr'>A</span> <span class='ocrx_word' id='word_1_157' title='bbox 221 1859 400 1926; x_wconf 82' lang='lat' dir='ltr'>rgenti</span> <span class='ocrx_word' id='word_1_158' title='bbox 436 1862 603 1927; x_wconf 89' lang='lat' dir='ltr'>atque</span> <span class='ocrx_word' id='word_1_159' title='bbox 638 1857 755 1911; x_wconf 88' lang='lat' dir='ltr'>auri</span> <span class='ocrx_word' id='word_1_160' title='bbox 792 1872 1059 1910; x_wconf 89' lang='lat' dir='ltr'>memoras</span> <span class='ocrx_word' id='word_1_161' title='bbox 1095 1873 1237 1925; x_wconf 88' lang='lat' dir='ltr'>quae</span> <span class='ocrx_word' id='word_1_162' title='bbox 1273 1856 1448 1910; x_wconf 89' lang='lat' dir='ltr'>multa</span> <span class='ocrx_word' id='word_1_163' title='bbox 1481 1856 1706 1924; x_wconf 82' lang='lat' dir='ltr'>talenta,</span> 
     </span>
     <span class='ocr_line' id='line_1_25' title="bbox 165 1932 1542 2002; baseline -0.001 -14"><span class='ocrx_word' id='word_1_164' title='bbox 165 1934 359 1988; x_wconf 87' lang='lat' dir='ltr'>Gnatis</span> <span class='ocrx_word' id='word_1_165' title='bbox 393 1951 555 2002; x_wconf 87' lang='lat' dir='ltr'>parce</span> <span class='ocrx_word' id='word_1_166' title='bbox 589 1934 715 1988; x_wconf 89' lang='lat' dir='ltr'>tuis.</span> <span class='ocrx_word' id='word_1_167' title='bbox 790 1932 933 1987; x_wconf 92' lang='lat' dir='ltr'>Belli</span> <span class='ocrx_word' id='word_1_168' title='bbox 967 1933 1292 1986; x_wconf 85' lang='lat' dir='ltr'>commercia</span> <span class='ocrx_word' id='word_1_169' title='bbox 1327 1933 1542 1986; x_wconf 85' lang='lat' dir='ltr'>Turnus</span> 
     </span>
     <span class='ocr_line' id='line_1_26' title="bbox 165 2007 1641 2079; baseline 0 -15"><span class='ocrx_word' id='word_1_170' title='bbox 165 2010 396 2076; x_wconf 82' lang='lat' dir='ltr'>Sustulit</span> <span class='ocrx_word' id='word_1_171' title='bbox 432 2009 539 2063; x_wconf 86' lang='lat' dir='ltr'>ista</span> <span class='ocrx_word' id='word_1_172' title='bbox 571 2011 720 2079; x_wconf 89' lang='lat' dir='ltr'>prior</span> <span class='ocrx_word' id='word_1_173' title='bbox 753 2009 863 2062; x_wconf 88' lang='lat' dir='ltr'>iam</span> <span class='ocrx_word' id='word_1_174' title='bbox 900 2012 1019 2062; x_wconf 90' lang='lat' dir='ltr'>tum</span> <span class='ocrx_word' id='word_1_175' title='bbox 1057 2007 1306 2062; x_wconf 82' lang='lat' dir='ltr'>Pallante</span> <span class='ocrx_word' id='word_1_176' title='bbox 1341 2013 1641 2078; x_wconf 89' lang='lat' dir='ltr'>perempto.</span> 
     </span>
     <span class='ocr_line' id='line_1_27' title="bbox 166 2084 1650 2154; baseline 0 -15"><span class='ocrx_word' id='word_1_177' title='bbox 166 2086 289 2140; x_wconf 92' lang='lat' dir='ltr'>Hoc</span> <span class='ocrx_word' id='word_1_178' title='bbox 323 2086 498 2154; x_wconf 88' lang='lat' dir='ltr'>patris</span> <span class='ocrx_word' id='word_1_179' title='bbox 536 2085 811 2139; x_wconf 88' lang='lat' dir='ltr'>Anchisae</span> <span class='ocrx_word' id='word_1_180' title='bbox 846 2084 1055 2151; x_wconf 86' lang='lat' dir='ltr'>Manes,</span> <span class='ocrx_word' id='word_1_181' title='bbox 1091 2084 1193 2139; x_wconf 86' lang='lat' dir='ltr'>hoc</span> <span class='ocrx_word' id='word_1_182' title='bbox 1229 2085 1400 2139; x_wconf 87' lang='lat' dir='ltr'>sentit</span> <span class='ocrx_word' id='word_1_183' title='bbox 1437 2085 1604 2139; x_wconf 84' lang='lat' dir='ltr'>Iulus.</span> <span class='ocrx_word' id='word_1_184' title='bbox 1645 2121 1650 2124; x_wconf 95' lang='lat'>-</span> 
     </span>
     <span class='ocr_line' id='line_1_28' title="bbox 164 2161 1867 2231; baseline -0.001 -14"><span class='ocrx_word' id='word_1_185' title='bbox 164 2163 252 2218; x_wconf 87' lang='lat' dir='ltr'>Sic</span> <span class='ocrx_word' id='word_1_186' title='bbox 284 2164 430 2217; x_wconf 88' lang='lat' dir='ltr'>fatus</span> <span class='ocrx_word' id='word_1_187' title='bbox 462 2162 675 2231; x_wconf 88' lang='lat' dir='ltr'>galcam</span> <span class='ocrx_word' id='word_1_188' title='bbox 711 2161 866 2216; x_wconf 87' lang='lat' dir='ltr'>laeva</span> <span class='ocrx_word' id='word_1_189' title='bbox 899 2164 1069 2227; x_wconf 87' lang='lat' dir='ltr'>tenet,</span> <span class='ocrx_word' id='word_1_190' title='bbox 1106 2165 1274 2230; x_wconf 88' lang='lat' dir='ltr'>atque</span> <span class='ocrx_word' id='word_1_191' title='bbox 1308 2161 1515 2215; x_wconf 88' lang='lat' dir='ltr'>reflexa</span> <span class='ocrx_word' id='word_1_192' title='bbox 1791 2175 1867 2215; x_wconf 74' lang='lat' dir='ltr'>sss</span> 
     </span>
     <span class='ocr_line' id='line_1_29' title="bbox 164 2235 1561 2306; baseline -0.001 -13"><span class='ocrx_word' id='word_1_193' title='bbox 164 2240 388 2294; x_wconf 84' lang='lat' dir='ltr'>Cervice</span> <span class='ocrx_word' id='word_1_194' title='bbox 424 2238 629 2293; x_wconf 85' lang='lat' dir='ltr'>orantis</span> <span class='ocrx_word' id='word_1_195' title='bbox 664 2238 855 2306; x_wconf 88' lang='lat' dir='ltr'>capulo</span> <span class='ocrx_word' id='word_1_196' title='bbox 890 2241 1051 2292; x_wconf 87' lang='lat' dir='ltr'>tenus</span> <span class='ocrx_word' id='word_1_197' title='bbox 1087 2235 1328 2306; x_wconf 82' lang='lat' dir='ltr'>adplicat</span> <span class='ocrx_word' id='word_1_198' title='bbox 1361 2253 1561 2292; x_wconf 87' lang='lat' dir='ltr'>ensem.</span> 
     </span>
     <span class='ocr_line' id='line_1_30' title="bbox 162 2311 1840 2385; baseline -0.001 -17"><span class='ocrx_word' id='word_1_199' title='bbox 162 2316 212 2368; x_wconf 91' lang='lat' dir='ltr'>N</span> <span class='ocrx_word' id='word_1_200' title='bbox 218 2332 279 2370; x_wconf 86' lang='lat' dir='ltr'>ec</span> <span class='ocrx_word' id='word_1_201' title='bbox 314 2314 502 2385; x_wconf 89' lang='lat' dir='ltr'>procul</span> <span class='ocrx_word' id='word_1_202' title='bbox 540 2313 926 2380; x_wconf 86' lang='lat' dir='ltr'>Haemonides,</span> <span class='ocrx_word' id='word_1_203' title='bbox 968 2313 1175 2366; x_wconf 89' lang='lat' dir='ltr'>Phoebi</span> <span class='ocrx_word' id='word_1_204' title='bbox 1213 2312 1534 2381; x_wconf 84' lang='lat' dir='ltr'>Triviaeque</span> <span class='ocrx_word' id='word_1_205' title='bbox 1569 2311 1840 2380; x_wconf 79' lang='lat' dir='ltr'>sacerdos,</span> 
     </span>
     <span class='ocr_line' id='line_1_31' title="bbox 166 2389 1461 2458; baseline -0.002 -13"><span class='ocrx_word' id='word_1_206' title='bbox 166 2392 345 2456; x_wconf 85' lang='lat' dir='ltr'>Infula</span> <span class='ocrx_word' id='word_1_207' title='bbox 380 2391 466 2445; x_wconf 90' lang='lat' dir='ltr'>cui</span> <span class='ocrx_word' id='word_1_208' title='bbox 504 2406 657 2446; x_wconf 86' lang='lat' dir='ltr'>sacra</span> <span class='ocrx_word' id='word_1_209' title='bbox 691 2389 985 2444; x_wconf 75' lang='lat' dir='ltr'>redimibat</span> <span class='ocrx_word' id='word_1_210' title='bbox 1020 2392 1271 2458; x_wconf 87' lang='lat' dir='ltr'>tempora</span> <span class='ocrx_word' id='word_1_211' title='bbox 1307 2392 1461 2455; x_wconf 72' lang='lat' dir='ltr'>vitta,</span> 
     </span>
     <span class='ocr_line' id='line_1_32' title="bbox 162 2465 1594 2533; baseline -0.003 -12"><span class='ocrx_word' id='word_1_212' title='bbox 162 2469 329 2522; x_wconf 85' lang='lat' dir='ltr'>Totus</span> <span class='ocrx_word' id='word_1_213' title='bbox 366 2467 652 2522; x_wconf 89' lang='lat' dir='ltr'>conlucens</span> <span class='ocrx_word' id='word_1_214' title='bbox 687 2469 841 2518; x_wconf 86' lang='lat' dir='ltr'>veste</span> <span class='ocrx_word' id='word_1_215' title='bbox 877 2469 1045 2533; x_wconf 89' lang='lat' dir='ltr'>atque</span> <span class='ocrx_word' id='word_1_216' title='bbox 1080 2465 1383 2532; x_wconf 82' lang='lat' dir='ltr'>insignibus</span> <span class='ocrx_word' id='word_1_217' title='bbox 1412 2465 1594 2518; x_wconf 85' lang='lat' dir='ltr'>armis.</span> 
     </span>
     <span class='ocr_line' id='line_1_33' title="bbox 162 2541 1870 2617; baseline -0.004 -18"><span class='ocrx_word' id='word_1_218' title='bbox 162 2545 337 2608; x_wconf 84' lang='lat' dir='ltr'>Quem</span> <span class='ocrx_word' id='word_1_219' title='bbox 361 2559 683 2611; x_wconf 86' lang='lat' dir='ltr'>congressus</span> <span class='ocrx_word' id='word_1_220' title='bbox 708 2542 825 2609; x_wconf 83' lang='lat' dir='ltr'>agit</span> <span class='ocrx_word' id='word_1_221' title='bbox 843 2557 1047 2610; x_wconf 86' lang='lat' dir='ltr'>camp0,</span> <span class='ocrx_word' id='word_1_222' title='bbox 1072 2541 1394 2610; x_wconf 86' lang='lat' dir='ltr'>lapsumque</span> <span class='ocrx_word' id='word_1_223' title='bbox 1419 2543 1740 2610; x_wconf 84' lang='lat' dir='ltr'>superstans</span> <span class='ocrx_word' id='word_1_224' title='bbox 1792 2555 1870 2617; x_wconf 63' lang='lat' dir='ltr'>sto</span> 
     </span>
     <span class='ocr_line' id='line_1_34' title="bbox 164 2617 1708 2688; baseline -0.001 -16"><span class='ocrx_word' id='word_1_225' title='bbox 164 2620 436 2688; x_wconf 89' lang='lat' dir='ltr'>Immolat,</span> <span class='ocrx_word' id='word_1_226' title='bbox 473 2617 793 2687; x_wconf 84' lang='lat' dir='ltr'>ingentique</span> <span class='ocrx_word' id='word_1_227' title='bbox 829 2617 1025 2671; x_wconf 87' lang='lat' dir='ltr'>umbra</span> <span class='ocrx_word' id='word_1_228' title='bbox 1058 2617 1231 2684; x_wconf 82' lang='lat' dir='ltr'>tegit3</span> <span class='ocrx_word' id='word_1_229' title='bbox 1266 2633 1418 2672; x_wconf 85' lang='lat' dir='ltr'>arma</span> <span class='ocrx_word' id='word_1_230' title='bbox 1455 2619 1708 2671; x_wconf 80' lang='lat' dir='ltr'>Serestus</span> 
     </span>
     <span class='ocr_line' id='line_1_35' title="bbox 160 2693 1755 2762; baseline 0 -15"><span class='ocrx_word' id='word_1_231' title='bbox 160 2694 332 2749; x_wconf 87' lang='lat' dir='ltr'>Lecta</span> <span class='ocrx_word' id='word_1_232' title='bbox 366 2696 536 2749; x_wconf 85' lang='lat' dir='ltr'>refert</span> <span class='ocrx_word' id='word_1_233' title='bbox 571 2693 827 2761; x_wconf 47' lang='lat' dir='ltr'>humeris</span> <span class='ocrx_word' id='word_1_234' title='bbox 863 2694 983 2760; x_wconf 91' lang='lat' dir='ltr'>tibi,</span> <span class='ocrx_word' id='word_1_235' title='bbox 1019 2710 1120 2746; x_wconf 92' lang='lat' dir='ltr'>rex</span> <span class='ocrx_word' id='word_1_236' title='bbox 1157 2693 1412 2761; x_wconf 85' lang='lat' dir='ltr'>Gradive,</span> <span class='ocrx_word' id='word_1_237' title='bbox 1449 2697 1755 2762; x_wconf 85' lang='lat' dir='ltr'>tropaeum.</span> 
     </span>
     <span class='ocr_line' id='line_1_36' title="bbox 162 2769 1381 2837; baseline 0.002 -18"><span class='ocrx_word' id='word_1_238' title='bbox 162 2769 481 2822; x_wconf 86' lang='lat' dir='ltr'>Instaurant</span> <span class='ocrx_word' id='word_1_239' title='bbox 515 2769 659 2821; x_wconf 83' lang='lat' dir='ltr'>acies</span> <span class='ocrx_word' id='word_1_240' title='bbox 696 2769 922 2822; x_wconf 85' lang='lat' dir='ltr'>Volcani</span> <span class='ocrx_word' id='word_1_241' title='bbox 956 2770 1128 2837; x_wconf 88' lang='lat' dir='ltr'>stirpe</span> <span class='ocrx_word' id='word_1_242' title='bbox 1162 2774 1381 2823; x_wconf 91' lang='lat' dir='ltr'>creatus</span> 
     </span>
     <span class='ocr_line' id='line_1_37' title="bbox 162 2840 1699 2899; baseline 0.004 -7"><span class='ocrx_word' id='word_1_243' title='bbox 162 2840 426 2892; x_wconf 85' lang='lat' dir='ltr'>Caeculus</span> <span class='ocrx_word' id='word_1_244' title='bbox 462 2846 521 2895; x_wconf 91' lang='lat' dir='ltr'>et</span> <span class='ocrx_word' id='word_1_245' title='bbox 555 2843 777 2897; x_wconf 78' lang='lat' dir='ltr'>veniens</span> <span class='ocrx_word' id='word_1_246' title='bbox 814 2845 1122 2898; x_wconf 80' lang='lat' dir='ltr'>Marsorum</span> <span class='ocrx_word' id='word_1_247' title='bbox 1158 2844 1437 2899; x_wconf 88' lang='lat' dir='ltr'>montibus</span> <span class='ocrx_word' id='word_1_248' title='bbox 1470 2842 1699 2898; x_wconf 79' lang='lat' dir='ltr'>Umbro-</span> 
     </span>
     <span class='ocr_line' id='line_1_38' title="bbox 162 2912 1869 2975; baseline 0.009 -15"><span class='ocrx_word' id='word_1_249' title='bbox 162 2912 505 2965; x_wconf 84' lang='lat' dir='ltr'>Dardanidcs</span> <span class='ocrx_word' id='word_1_250' title='bbox 540 2921 731 2970; x_wconf 88' lang='lat' dir='ltr'>contra</span> <span class='ocrx_word' id='word_1_251' title='bbox 763 2918 915 2972; x_wconf 86' lang='lat' dir='ltr'>furit.</span> <span class='ocrx_word' id='word_1_252' title='bbox 992 2920 1236 2973; x_wconf 83' lang='lat' dir='ltr'>Anxuris</span> <span class='ocrx_word' id='word_1_253' title='bbox 1271 2936 1402 2973; x_wconf 87' lang='lat' dir='ltr'>ense</span> <span class='ocrx_word' id='word_1_254' title='bbox 1437 2917 1720 2973; x_wconf 84' lang='lat' dir='ltr'>sinistram</span> <span class='ocrx_word' id='word_1_255' title='bbox 1792 2934 1869 2975; x_wconf 69' lang='lat'>546</span> 
     </span>
     <span class='ocr_line' id='line_1_39' title="bbox 162 2983 1475 3066; baseline 0.012 -34"><span class='ocrx_word' id='word_1_256' title='bbox 162 2983 234 3066; x_wconf 75' lang='lat' dir='ltr'>Et</span> <span class='ocrx_word' id='word_1_257' title='bbox 268 2985 448 3034; x_wconf 87' lang='lat' dir='ltr'>totum</span> <span class='ocrx_word' id='word_1_258' title='bbox 484 2987 640 3053; x_wconf 87' lang='lat' dir='ltr'>clipei</span> <span class='ocrx_word' id='word_1_259' title='bbox 676 2992 821 3045; x_wconf 88' lang='lat' dir='ltr'>ferro</span> <span class='ocrx_word' id='word_1_260' title='bbox 858 2993 1137 3048; x_wconf 86' lang='lat' dir='ltr'>deiecerat</span> <span class='ocrx_word' id='word_1_261' title='bbox 1169 2994 1360 3048; x_wconf 90' lang='lat' dir='ltr'>orbem</span> <span class='ocrx_word' id='word_1_262' title='bbox 1377 3015 1475 3060; x_wconf 87' lang='lat'>3-—</span> 
     </span>
     <span class='ocr_line' id='line_1_40' title="bbox 170 3053 1758 3138; baseline 0.012 -33"><span class='ocrx_word' id='word_1_263' title='bbox 170 3053 395 3138; x_wconf 75' lang='lat' dir='ltr'>Dlxerat</span> <span class='ocrx_word' id='word_1_264' title='bbox 427 3057 520 3108; x_wconf 91' lang='lat' dir='ltr'>ille</span> <span class='ocrx_word' id='word_1_265' title='bbox 550 3061 759 3128; x_wconf 87' lang='lat' dir='ltr'>aliquid</span> <span class='ocrx_word' id='word_1_266' title='bbox 794 3083 1064 3136; x_wconf 88' lang='lat' dir='ltr'>magnum,</span> <span class='ocrx_word' id='word_1_267' title='bbox 1103 3070 1324 3138; x_wconf 85' lang='lat' dir='ltr'>vimque</span> <span class='ocrx_word' id='word_1_268' title='bbox 1359 3071 1548 3126; x_wconf 77' lang='lat' dir='ltr'>adfore</span> <span class='ocrx_word' id='word_1_269' title='bbox 1584 3070 1758 3125; x_wconf 80' lang='lat' dir='ltr'>verbo</span> 
     </span>
     <span class='ocr_line' id='line_1_41' title="bbox 248 3125 1602 3210; baseline 0.018 -34"><span class='ocrx_word' id='word_1_270' title='bbox 248 3125 503 3187; x_wconf 59' lang='lat' dir='ltr'>adidcrat,</span> <span class='ocrx_word' id='word_1_271' title='bbox 540 3135 796 3204; x_wconf 66' lang='lat' dir='ltr'>meloque</span> <span class='ocrx_word' id='word_1_272' title='bbox 829 3143 1069 3197; x_wconf 87' lang='lat' dir='ltr'>animum</span> <span class='ocrx_word' id='word_1_273' title='bbox 1103 3144 1337 3200; x_wconf 82' lang='lat' dir='ltr'>fortasse</span> <span class='ocrx_word' id='word_1_274' title='bbox 1372 3146 1602 3210; x_wconf 76' lang='lat' dir='ltr'>ferebat,</span> 
     </span>
    </p>
   </div>
  </div>
 </body>
</html>
