2163 3401
176 104 269 151 268
646 107 703 155 Ρ.
741 103 1050 152 VERGILI
1084 102 1434 151 MARONIS·

174 181 425 248 Tydides,
501 184 772 253 Equidem
808 182 989 247 crede,
1026 198 1150 235 mea
1183 182 1404 237 volnera
1437 185 1666 248 restant,

176 256 251 310 Et
286 262 384 311 tua
418 260 710 328 progenies
744 257 999 312 mortalia
1034 258 1290 312 demoror
1325 264 1509 325 arma!
1834 270 1888 311 sc

178 332 234 386 Si
272 334 390 387 sine
423 352 559 404 pace
594 339 693 389 tua
726 339 895 404 atque
932 332 1106 387 invito
1141 335 1366 390 numine
1403 338 1572 391 Troes

176 409 397 463 Italiam
433 412 678 479 petiere:
716 412 874 464 luant
908 414 1147 479 peccata,
1183 427 1363 481 neque
1397 412 1521 465 illos

177 484 390 539 Iuveris
426 487 657 541 auxilio:
698 488 782 540 sin
818 489 903 540 tot
938 502 1200 555 responsa
1233 488 1423 555 secuti,

177 560 329 625 Quae
354 562 548 631 Superi
574 564 876 630 Manesque
900 561 1109 616 dabant
1131 582 1143 616 ε
1169 579 1266 616 cur
1298 580 1440 617 nunc
1462 567 1560 616 tua
1584 562 1875 631 quisquam

177 636 415 692 Vertere
450 640 597 693 iussa
631 640 855 708 potest?
892 640 988 691 aut
1024 654 1122 691 eur
1155 654 1297 692 nova
1332 639 1566 693 condere
1598 638 1760 691 fata‘l
1828 651 1878 689 3⁵

177 712 321 777 Quid
356 718 604 783 repetam
642 717 867 768 exustas
903 713 1134 780 Erycino
1169 714 1226 767 in
1261 715 1423 769 litore
1455 713 1687 767 classis?

176 788 323 851 Quid
359 792 755 859 tempestatum
790 806 993 858 regem,
1030 792 1332 859 ventosque
1364 789 1598 843 furentis

177 865 373 919 Aeolia
407 866 652 920 excitos?
689 869 787 919 aut
822 868 999 919 actam
1036 862 1274 919 nubibus
1311 866 1486 920 Irim?

174 939 226 991 N
230 957 333 994 unc
370 941 539 995 etiam
575 940 963 995 Manis—haec
997 940 1326 1010 intemptata
1360 940 1617 995 manebat

174 1014 303 1069 Sors
338 1019 793 1085 rerum—movet·
830 1020 889 1071 et
924 1016 1137 1085 superis
1171 1017 1398 1070 inmissa
1430 1019 1662 1084 repente
1823 1028 1874 1066 ω

174 1091 407 1160 Allect0‚
442 1092 653 1147 medias
691 1093 895 1147 Italum
928 1092 1196 1147 bacchata.
1229 1110 1329 1161 per
1362 1092 1541 1146 urbes

174 1166 266 1219 Nil
303 1184 469 1236 super
502 1170 712 1238 inperio
748 1184 1002 1233 moveor;
1038 1170 1374 1237 speravimus
1409 1167 1532 1234 ista,

173 1242 320 1296 Dum
353 1245 574 1298 fortuna
608 1244 749 1309 suit3
784 1244 1017 1311 vincant,
1052 1260 1192 1313 quos
1227 1244 1442 1299 vincere
1475 1244 1663 1297 mavis,

174 1318 230 1371 Si
264 1318 417 1373 nulla
450 1323 537 1374 est
570 1321 740 1388 regie,
779 1320 1000 1374 Teucris
1036 1336 1203 1388 quam
1239 1320 1337 1374 det
1369 1324 1468 1375 tua
1498 1319 1738 1373 coniunx

173 1394 339 1462 Dura,
374 1414 475 1466 per
512 1413 747 1464 eversae,
783 1396 1015 1463 genitor,
1049 1396 1320 1451 fumantia
1353 1396 1546 1451 Troiae
1824 1409 1875 1449 ω

173 1472 431 1526 Exscidia
466 1473 749 1527 obtestor:
786 1474 947 1527 liceat
983 1472 1266 1528 dimittere
1299 1473 1374 1527 ab
1407 1472 1576 1526 armis
1751 1488 1758 1491 ·

173 1548 506 1603 Incolumem
543 1550 856 1617 Ascanium,
891 1550 1055 1604 liceat
1090 1564 1376 1618 superesse
1410 1551 1684 1617 nepotem.

173 1626 393 1679 Aeneas
428 1642 559 1679 sane
592 1626 797 1693 ignotis
830 1626 1069 1679 iactetur
1104 1626 1160 1679 in
1196 1625 1378 1694 undis,

173 1700 259 1768 Et,
297 1718 677 1771 quaecumque
706 1703 849 1756 viam
884 1702 1106 1756 dederit
1143 1703 1404 1770 Fortuna,
1441 1706 1741 1770 sequatur:
1811 1735 1818 1742 ·

174 1777 338 1832 Hunc
372 1782 563 1847 tegere
600 1782 660 1832 et
694 1777 849 1832 dirae
884 1779 1095 1832 valeam
1133 1779 1441 1832 subducere
1475 1793 1707 1846 pugnae.
1805 1793 1872 1830 ω

172 1853 273 1908 Est
311 1855 599 1920 Amathus,
636 1859 723 1910 est
758 1855 903 1909 celsa
934 1855 1069 1908 mihi
1108 1855 1328 1924 Paphus
1361 1859 1532 1923 atque
1569 1853 1820 1922 Cythera,

174 1929 492 2000 Idaliaeque
528 1931 755 1986 domus:
792 1931 987 2000 positis
1020 1931 1284 1999 inglorius
1319 1931 1487 1984 armis

174 2005 375 2073 Exigat
409 2006 495 2060 hic
532 2023 741 2061 aevum.
816 2007 1023 2075 Magna
1056 2007 1270 2061 dicione
1306 2007 1494 2060 iubeto

174 2079 460 2151 Karthago
497 2087 713 2152 premat
751 2084 1088 2148 Ausoniam3
1123 2082 1257 2136 nihil
1293 2083 1522 2137 urbibus
1553 2079 1686 2134 inde

172 2159 431 2214 Obstabit
467 2159 656 2228 Tyriis,
730 2159 875 2224 Quid
910 2163 1126 2228 pestem
1160 2159 1395 2213 evadere
1431 2157 1562 2212 belli
1825 2172 1854 2211 5

174 2236 321 2291 Iuvit
356 2239 415 2291 et
454 2236 738 2304 Argolicos
773 2235 1015 2288 medium
1050 2235 1257 2304 fugisse
1289 2251 1391 2304 per
1424 2234 1580 2302 ignis,

170 2311 383 2380 Totque
418 2312 585 2366 maris
618 2316 916 2381 vastaeque
954 2311 1222 2364 exhausta
1256 2311 1500 2380 pericula
1532 2313 1732 2376 terrae,

172 2388 317 2443 Dum
354 2389 574 2458 Latium
611 2387 804 2442 Teucri
838 2387 1192 2456 recidivaque
1230 2387 1500 2454 Pergama
1531 2386 1846 2454 quaerunt?

171 2464 222 2516 N
224 2481 292 2517 on
330 2465 516 2532 satius,
552 2463 763 2516 eineres
797 2464 1009 2532 patriae
1044 2463 1310 2517 insedisse
1345 2478 1626 2532 supremos

170 2540 362 2609 Atque
387 2540 576 2607 solum,
604 2556 713 2607 quo
739 2539 899 2592 Troia
920 2539 1066 2593 fuit?
1091 2539 1375 2593 Xanthum
1399 2543 1458 2593 et
1489 2538 1774 2592 Simoenta
1819 2551 1876 2590 eo

171 2617 382 2686 Redde,
417 2633 527 2685 ore,
564 2615 793 2683 miseris,
828 2617 1142 2684 iterumque
1175 2615 1454 2670 revolvere
1487 2630 1644 2668 casus

170 2693 269 2758 Da,
304 2697 477 2760 pater,
518 2692 713 2745 Iliacos
748 2691 985 2746 Teucris.
1060 2692 1200 2745 'sum
1233 2708 1388 2759 regia
1425 2691 1564 2744 Iuno

171 2767 316 2818 Acta
349 2767 535 2820 furore
568 2767 754 2834 gravi:
792 2767 937 2830 Quid
973 2785 1063 2820 me
1097 2767 1211 2820 alta
1245 2767 1462 2822 silentia
1495 2766 1645 2834 cogis

170 2837 449 2904 Rumpere
484 2845 543 2893 et
577 2841 875 2895 obductum
908 2843 1094 2896 verbis
1122 2842 1341 2911 volgare
1377 2842 1656 2896 dolorem?

172 2913 396 2963 Aenean
431 2911 707 2967 homiuum
743 2917 1030 2985 quisquam
1068 2917 1362 2986 divomque
1397 2917 1618 2986 subegit
1823 2933 1874 2972 ω

174 2983 325 3034 Bella
361 2987 529 3051 sequi,
567 2994 665 3041 aut
701 2991 914 3045 hostem
950 2994 1071 3061 regi
1108 3011 1168 3048 se
1201 2995 1406 3046 inferre
1443 2993 1686 3048 Latino?

176 3056 389 3108 *taliam
424 3061 588 3124 potiit
620 3062 753 3116 fatis
787 3068 1140 3133 auctoribns3
1177 3073 1326 3124 esto:

260 3129 511 3182 mandrae
544 3133 789 3201 inpulsus
822 3140 1009 3196 furiis:
1044 3160 1174 3197 num
1210 3130 1460 3214 linquere
1495 3149 1682 3201 eastra
