2163 3401
150 86 213 133 40
616 84 675 134 P.
714 85 1023 135 VERGILI
1056 86 1319 138 MARON
1323 88 1390 137 IS

150 165 484 234 Chaoniique
516 164 691 232 patris
723 165 981 233 glandes.;
1014 166 1181 235 etiam
1215 168 1388 225 ardua
1419 169 1604 236 palma

149 242 201 296 N
206 258 310 295 ns„
299 243 420 309 tur,
459 244 518 295 et
551 257 708 296 casus
743 241 907 297 abies
926 242 1110 297 visura
1142 244 1390 303 marinos.

150 318 419 373 Inseritur
456 334 583 371 vero
604 321 677 371 et
710 318 829 373 fetu
861 319 1015 385 nucis
1048 319 1280 374 arbutus
1311 320 1552 389 horrida,

150 396 225 449 Et
259 394 471 448 steriles
506 394 710 463 platani
744 395 915 449 malos
947 412 1168 463 gessere
1202 397 1459 453 valentis·
1445 441 1460 465 ,
1805 410 1863 456 ⁷0⁴

150 470 451 527 Castaneae
487 472 658 540 fagus,
698 488 969 541 ornusque
1004 472 1247 527 incanuit
1281 473 1406 528 albo

149 551 312 606 Flore
346 551 465 619 piri,
502 550 871 617 glandemque
906 566 1030 603 sues
1064 549 1282 619 fregere
1317 550 1422 605 sub
1454 549 1628 604 ulmis,

220 629 268 681 N
273 644 335 683 ec
370 626 565 681 modus
600 628 840 680 inserere
876 630 1043 693 atque
1074 626 1258 683 oeulos
1291 627 1552 695 inponere
1587 624 1829 695 simplex.

148 706 305 771 Nam,
340 721 449 774 qua
482 720 542 757 se
576 702 757 757 medio
790 701 1024 766 trudunt
1059 702 1132 756 de
1165 704 1364 757 cortice
1397 718 1645 771 gemmae

149 782 223 836 Et
256 781 437 836 tenuis
472 782 735 848 rumpunt
770 780 996 845 tunicas,
1033 783 1312 851 angustus
1331 780 1390 833 in
1423 780 1540 848 ipso
1808 789 1857 831 75

150 859 241 913 Fit
276 857 422 911 nudo
458 856 635 911 sinus:
671 854 780 910 huc
815 854 989 909 aliena
1026 872 1096 909 ex
1131 854 1328 909 arbore
1361 869 1589 927 germen

149 934 460 1000 Includunt,
500 932 719 1001 udoque
756 931 955 985 docent
990 929 1287 985 inolescere
1320 930 1476 985 libro,

148 1013 266 1065 Aut
299 1026 518 1065 rursum
554 1006 758 1062 enodes
792 1008 972 1061 trunci
1007 1010 1340 1075 resecantur,
1375 1012 1434 1062 et
1467 1007 1606 1064 alte:-

150 1086 402 1142 Finditur
433 1087 492 1140 in
529 1084 760 1139 solidum
796 1083 981 1139 cuneis
1018 1084 1120 1151 via,
1157 1083 1356 1153 deinde
1391 1084 1594 1148 feraces

150 1164 377 1217 Plantae
400 1162 781 1217 inmittuntur:
816 1176 919 1215 nec
941 1159 1162 1229 longum
1184 1165 1418 1231 tempus,
1443 1164 1503 1215 e't
1523 1160 1714 1229 ingens
1805 1172 1858 1212 sn

152 1240 297 1295 Exiit
330 1240 402 1293 ad
436 1239 647 1293 caelum
681 1238 847 1312 ramis
880 1236 1126 1297 felicibus
1161 1237 1337 1306 arbos,

152 1307 492 1386 Miraturque
528 1330 695 1368 novas
730 1312 951 1369 frondes
986 1316 1045 1367 et
1080 1329 1188 1367 ιιοιι
1224 1331 1322 1372 sua
1354 1331 1530 1384 poma.
1825 1366 1831 1370 ,

220 1393 515 1447 Praeterea
548 1407 721 1461 genus
758 1389 907 1443 haud
942 1408 1127 1459 unum,
1161 1408 1263 1446 neo
1296 1389 1530 1446 fortibus
1563 1388 1738 1455 ulmis,

151 1469 267 1524 Nec
302 1469 451 1523 salici
485 1468 723 1537 lotoque,
760 1483 937 1537 neque
974 1467 1162 1523 Idaeis
1197 1467 1512 1537 cyparissis;
1613 1514 1618 1519 .

154 1540 267 1601 Nec
300 1547 530 1616 pingues
564 1557 729 1600 unam
763 1543 821 1601 in
853 1543 1045 1601 faciem
1083 1547 1384 1600 nascuntur.
1414 1542 1602 1608 olivae,
1809 1552 1862 1591 ss

154 1622 446 1689 OrchadeS,
481 1624 541 1676 et
576 1620 735 1688 radii,
767 1624 825 1675 et
861 1638 1045 1677 amara
1080 1622 1272 1691 pausia
1305 1619 1454 1693 baca,

154 1693 426 1769 Pomaque
463 1702 523 1754 et
562 1697 775 1754 Alcinoi
810 1698 1005 1766 silvae3
1040 1716 1143 1753 nec
1177 1698 1424 1754 surculus
1455 1696 1619 1751 idem·

155 1776 477 1830 Crustumiis
514 1775 790 1844 Syriisque
824 1775 955 1844 piris
990 1775 1354 1845 gravibusque
1391 1771 1625 1828 volemis.

156 1846 276 1907 Non
312 1853 503 1907 eadem
540 1851 827 1906 arboribus
862 1853 1069 1922 pendet
1104 1853 1376 1908 vindemia
1409 1849 1624 1916 nostrie,

155 1929 329 1993 Quam
366 1921 752 1998 Methymnaeo
788 1929 965 1998 carpit
1000 1928 1071 1984 de
1106 1930 1332 1998 palmite
1367 1927 1604 1990 Lesbon
1814 1933 1866 1978 σο

155 2005 294 2060 Sunt
329 2007 573 2060 Thasiae
591 2007 744 2074 vites,
782 2011 911 2061 sunt
947 2010 1007 2060 et
1042 2006 1388 2062 Mareotides
1413 2004 1585 2070 albae,

156 2082 453 2152 Pinguibus
488 2083 593 2138 hae
627 2084 791 2137 terris
825 2083 1051 2151 habiles,
1087 2083 1377 2138 levioribus
1408 2081 1564 2146 illae;

155 2159 229 2214 Et
262 2165 425 2230 passo'
460 2159 669 2214 Psithia
702 2160 901 2228 utilior,
938 2153 1229 2230 tenuisque
1265 2160 1492 2229 Lageos,

156 2227 509 2307 Temptatura
542 2237 711 2307 pedes
746 2238 875 2292 olim
911 2238 1265 2307 vincturaque
1299 2235 1568 2306 linguam;

157 2311 483 2382 Purpureae,
519 2314 875 2383 preciaeque3
912 2318 970 2368 et
1006 2332 1114 2382 quo
1151 2318 1209 2369 te
1243 2314 1486 2368 carmine
1517 2311 1710 2374 dicam,
1817 2319 1868 2362 0⁶

158 2390 454 2444 Rhaetica?
488 2407 591 2444 nec
622 2390 774 2444 cellis
808 2389 934 2444 ideo
969 2391 1241 2446 contende
1278 2389 1540 2444 Falernis.

156 2466 295 2520 Sunt
330 2469 387 2520 et
427 2467 724 2522 Aminneae
758 2469 913 2535 vites,
938 2468 1258 2522 firmissima
1288 2467 1426 2535 vina,

157 2543 395 2598 Tmolius
428 2543 677 2614 adsurgit
712 2545 911 2613 quibus
946 2549 1005 2600 et
1040 2561 1139 2599 rex
1171 2541 1290 2614 ipse
1327 2542 1643 2607 Phanaeus;

160 2621 493 2688 Argitisque·
512 2623 700 2681 minor,
734 2622 821 2674 cui
856 2639 963 2675 non
1001 2623 1296 2676 certaverit
1329 2620 1440 2674 ulla
1741 2656 1744 2662 -

167 2698 275 2750 Aut
311 2701 526 2752 tantum
560 2699 734 2751 fluere
768 2703 864 2752 aut
898 2698 1133 2752 totidem
1170 2698 1370 2752 durare
1403 2713 1507 2766 per
1540 2709 1724 2750 annos.
1798 2705 1872 2746 ιω

160 2772 211 2824 N
214 2789 283 2825 on
318 2789 419 2840 ego
455 2777 529 2842 te,
566 2774 663 2827 Dis
694 2778 760 2828 et
792 2775 993 2828 mensis
1026 2778 1252 2843 accepta
1285 2772 1560 2838 secundis,

160 2845 503 2914 Transierim‚
540 2849 771 2916 Rhodia,
808 2854 866 2905 et
900 2851 1140 2918 tumidis,
1179 2851 1462 2918 Bumaste,
1495 2846 1745 2903 racemis.
1831 2853 1840 2860 '

162 2920 273 2974 Sed
294 2939 485 2992 neque,
511 2940 673 2992 quam
697 2925 903 2980 multae
926 2928 1148 3010 speeies,
1175 2943 1289 2992 nec,
1313 2924 1535 2980 nomina
1556 2940 1697 2996 quae
1719 2923 1869 2991 sint,

163 2995 266 3059 Est
298 3015 583 3064 numerus3
618 3015 795 3066 neque
830 3003 974 3056 enim
1008 3004 1238 3056 numero
1267 2999 1642 3070 conprendere
1672 2999 1876 3065 refertg

166 3069 341 3133 Quem
376 3073 470 3139 qui
504 3075 643 3128 scire
676 3076 824 3141 velit,
846 3076 1047 3146 Libyci
1080 3078 1216 3132 velit
1248 3078 1500 3146 aequoris
1533 3077 1684 3131 idem
1799 3089 1876 3129 1⁰6

166 3143 413 3202 Discere
422 3164 585 3217 quam
620 3150 825 3204 multae
860 3151 1108 3221 Zephyro
1141 3153 1438 3208 turbentur
1469 3167 1688 3220 arenae,
