2163 3401
745 116 1120 165 AENEIDOS
1151 118 1290 166 LIB.
1329 118 1430 167 IX.
1859 122 1954 173 261

259 193 533 253 Educ-tum
569 198 763 252 matris
795 198 917 252 luco
954 198 1268 267 Symaethia
1294 199 1504 255 'circum

258 273 527 339 Flumina,
556 274 775 343 pinguis
809 274 905 329 nbi
941 278 1001 331 et
1034 274 1316 344 placabilis
1349 293 1446 331 ara
1483 277 1677 334 Palici:
1883 296 1958 337 εει

257 349 597 405 Stridentem
633 350 857 405 fundam
892 352 1088 420 positis
1125 352 1432 407 Mezentius
1467 353 1640 409 hastis

259 425 387 494 Ipse
422 430 512 479 ter
546 426 787 481 adducta
822 428 1024 481 circum
1060 431 1227 497 eaput
1261 429 1376 496 egit
1411 429 1642 497 habena,

258 501 331 556 Et
365 502 551 556 media
582 503 799 557 adversi
834 504 1130 571 liquefacto
1165 508 1414 573 tempora
1449 506 1672 575 plumbo

256 576 493 645 Diffidit,
529 595 593 631 ac
628 578 803 633 multa.
835 583 1148 648 porrectum
1184 581 1434 635 extendit
1465 598 1648 636 arena.

325 652 462 705 Tum
499 653 733 722 primum
768 653 915 709 bello
950 653 1183 709 eelerem
1217 656 1520 713 intendisse
1555 660 1814 726 sagittam
1881 676 1956 717 oeo

255 726 488 797 Dicitur,
523 733 652 783 ante
688 730 831 784 feras
868 730 1061 784 solitus
1097 734 1309 785 terrere
1343 732 1566 800 fugacis,

256 804 543 871 AscaniuS,
580 805 889 875 fortemque
925 822 1090 860 manu
1126 806 1334 861 fudisse
1372 807 1422 859 N
1426 825 1716 876 umanum3

256 878 361 931 Cui
399 879 630 934 Remulo
664 897 963 949 cog-nomen
1001 885 1140 947 erat,
1177 882 1458 950 Turnique
1492 884 1757 939 minorem

255 953 586 1008 Germanam
616 972 795 1025 nuper
829 956 1069 1011 thalamo
1105 957 1344 1011 sociatus
1377 957 1629 1013 habebat.

257 1028 319 1081 Is
354 1031 585 1098 primam
620 1037 753 1086 ante
785 1032 959 1087 aciem
994 1031 1165 1100 digna
1195 1036 1366 1101 atque
1399 1033 1625 1103 indigna
1657 1035 1836 1091 relatu
1877 1052 1954 1092 ωις

255 1104 575 1161 vociferans
610 1107 967 1177 tumidusque
1000 1124 1140 1161 novo
1174 1108 1490 1176 praecordia.
1528 1127 1700 1179 regno

255 1179 388 1233 Ibat
422 1186 479 1236 et
512 1182 789 1251 ingentem
826 1200 947 1237 sese
980 1183 1218 1237 clamore
1251 1184 1490 1239 ferebat:

254 1255 306 1308 N
312 1272 383 1310 on
417 1257 594 1326 pudet
626 1257 910 1313 obsidione
943 1258 1150 1313 iterum
1184 1259 1434 1328 valloque
1467 1260 1661 1329 teneri,

253 1330 355 1384 Bis
389 1333 534 1403 eapti
571 1334 831 1403 Phryges,
865 1336 925 1387 et
960 1334 1126 1387 morti
1158 1337 1524 1405 praetendere
1559 1339 1770 1391 muros?
1797 1360 1809 1364 -

254 1406 355 1474 En,
390 1408 484 1477 qui
519 1412 707 1463 nostra
742 1408 847 1462 sibi
881 1408 1027 1465 bello
1062 1409 1330 1466 connubia
1363 1416 1620 1479 poscunt!
1878 1428 1952 1467 eoo

254 1482 391 1547 Quis
426 1483 565 1537 deus
600 1484 838 1551 Italiam,
875 1500 1016 1552 quae
1049 1500 1148 1537 vos
1181 1484 1460 1539 dementia
1495 1486 1716 1553 adegit?

250 1556 381 1612 Non
414 1557 506 1612 hic
542 1558 793 1627 Atridae,
830 1576 931 1613 nec
966 1557 1120 1613 fandi
1155 1558 1316 1613 fictor
1354 1558 1563 1613 Ulixes,

252 1632 469 1688 Durum
504 1634 575 1689 ab
612 1636 787 1704 stirpe
819 1650 993 1703 genus
1028 1638 1188 1687 natos
1222 1635 1296 1687 ad
1331 1634 1554 1691 flumina
1587 1638 1824 1704 primum

251 1709 567 1766 Deferimns
604 1727 875 1781 saevoque
908 1711 1037 1778 gelu
1074 1711 1339 1764 duramus
1374 1714 1434 1764 et
1467 1710 1629 1764 undis
1641 1731 1657 1775 3

250 1785 475 1840 Venatu
507 1786 796 1856 invigilant
829 1786 1004 1856 pueri,
1042 1787 1314 1856 silvasque
1348 1787 1616 1856 fatigant;
1877 1803 1952 1844 eos

251 1861 515 1917 Flectere.
540 1862 703 1918 ludus
737 1879 908 1932 equos
938 1866 998 1916 ot
1032 1862 1238 1932 spicula
1273 1864 1503 1918 tendere
1538 1879 1719 1917 cornu.

252 1941 335 1992 At
366 1939 583 2007 patiens
616 1955 841 2007 operum
878 1954 1158 2008 parvoque
1193 1939 1426 1994 adsueta
1459 1939 1715 1994 iuventus
1749 1975 1754 1980 -

249 2017 372 2068 Aut
406 2015 599 2069 rastris
634 2017 843 2068 terram
878 2013 1083 2082 domat,
1119 2018 1217 2069 aut
1253 2016 1433 2084 quatit
1470 2015 1674 2086 oppida
1708 2015 1867 2070 bello,

196 2094 204 2100 '
250 2090 433 2144 Omne
463 2107 659 2147 aevum
691 2091 839 2144 ferro
872 2089 1089 2157 teritur,
1125 2106 1392 2158 versaque
1425 2090 1710 2144 iuvencum

248 2165 430 2234 Terga
462 2166 755 2236 fatigamus
789 2165 977 2231 hasta3
1024 2181 1125 2220 nee
1159 2165 1322 2220 tarda
1357 2168 1608 2218 senectus
1879 2180 1952 2220 em

248 2241 524 2297 Debilitat
557 2241 688 2296 viris
723 2241 890 2296 animi
926 2245 1216 2310 mutatque
1252 2241 1517 2308 vigorem:

248 2318 523 2373 Canitiem
557 2318 717 2386 galea
750 2317 1080 2388 premimus;
1129 2333 1452 2386 semperque
1489 2317 1725 2370 recentis

246 2394 609 2462 Compei-tare
623 2394 775 2448 iuvat
808 2393 1043 2464 praedas
1079 2396 1138 2447 et
1174 2393 1357 2448 vivere
1393 2397 1568 2464 rapto.

247 2468 425 2523 Vobis
457 2469 607 2538 pieta
640 2485 799 2524 eroco
835 2472 894 2523 et
927 2468 1162 2538 fulgenti
1197 2469 1406 2524 murice
1442 2469 1639 2535 vestim

248 2542 513 2599 Desidiae
546 2545 727 2611 cordi;
774 2545 927 2599 iuvat
962 2544 1248 2614 indulgere
1283 2544 1520 2610 choreis;
1881 2555 1950 2598 ms

247 2619 324 2673 Et
357 2620 578 2676 tunicae
612 2622 867 2690 manicae,
902 2622 961 2675 et
994 2619 1201 2674 habent
1235 2619 1556 2674 redimicula
1589 2619 1803 2674 mitrae.

249 2695 297 2750 O
333 2712 465 2751 vere
503 2696 787 2766 Phrygiae,
821 2712 1002 2765 neque
1036 2695 1183 2764 enim
1219 2693 1482 2764 Phryge&
1518 2694 1597 2749 ite
1631 2711 1734 2765 per
1767 2693 1898 2766 alta,

248 2772 537 2840 Dindyma,
572 2772 668 2828 ubi
704 2772 949 2828 adsuetis
984 2770 1216 2824 biforem
1252 2771 1352 2826 dat
1386 2770 1524 2825 tibia
1557 2774 1794 2826 cautum.

247 2848 529 2917 Tympana
563 2865 663 2904 vos
697 2845 989 2917 buxusque
1026 2849 1184 2901 vocat
1219 2847 1545 2916 Berecyntia
1579 2847 1778 2902 Matris

252 2923 477 2979 Idaeae:
526 2926 689 2978 sinite
724 2940 875 2978 arma
909 2921 1059 2990 viria,
1095 2925 1154 2976 et
1187 2923 1371 2978 cedite
1405 2923 1566 2977 ferro·
1789 2989 1793 2996 .
1877 2935 1946 2976 m

248 2998 399 3054 Talia
432 2999 729 3054 iactantem
765 2998 929 3052 dictis
963 3013 1027 3051 ae
1062 2997 1185 3052 dira
1219 3001 1504 3056 canentem

246 3074 373 3130 Non
407 3074 543 3130 tulit
579 3074 878 3139 Ascaniu83
922 3088 1200 3141 nervoque
1235 3072 1492 3126 obversus
1527 3073 1728 3142 equino

248 3150 551 3226 Contendit
585 3151 775 3226 telum,
812 3149 1140 3224 divcreaqtie
1175 3147 1430 3204 bracchia
1463 3145 1669 3201 ducens
