2163 3401
186 77 278 124 130
649 75 710 119 Ρ.
747 70 1056 118 VERGILI
1093 69 1357 117 MARON
1360 69 1425 117 IS

185 154 438 208 Tendunt
473 152 595 205 vela
629 152 681 205 N
685 152 796 216 oti3
831 152 1072 219 fugimus
1108 150 1488 220 spumantibus
1522 152 1701 219 undis,

186 230 305 293 Qua
338 245 556 282 cursum
593 232 896 296 ventusque
929 228 1375 297 gubernatorque
1409 227 1653 282 vocabat.

187 307 303 359 Iam
342 305 522 359 medio
558 304 791 373 adparet
826 304 997 358 fluctu
1035 320 1325 359 nemorosa
1360 304 1663 373 Zacynthos
1824 318 1905 359 2⁷0

185 381 608 450 Dulichiumque
645 383 918 449 Sameque
955 387 1012 433 ct.
1048 380 1273 435 Neritos
1307 379 1481 434 ardua
1514 380 1677 434 saxis.

187 458 492 527 Effugimus
529 456 776 526 scopulos
813 456 1053 522 Ithacae,
1093 456 1316 511 Laertia
1350 472 1536 525 regna,

187 534 260 589 Et
296 539 501 589 terram
539 534 785 592 altricem
823 534 972 587 saevi
1007 550 1357 589 exsecramur
1392 532 1559 588 Ulixi.
1620 542 1628 549 ‘

189 610 318 663 Mox
353 615 412 663 et
449 610 724 663 Leucatae
764 608 1012 663 nimbosa
1047 610 1328 663 oecumina
1362 610 1563 663 montis

188 686 260 741 Et
293 685 617 739 formidatus
652 686 833 739 nautis
867 686 1117 755 aperitur
1154 688 1203 739 A
1210 684 1371 754 polle.
1824 699 1901 739 275

189 762 351 816 Hunc
384 763 623 831 petimus
660 761 792 815 fessi
826 766 885 817 ct
918 778 1121 830 parvae
1156 760 1497 815 succedimus
1530 759 1689 823 urbi3

189 842 408 893 Ancora
443 838 514 892 de
549 855 713 907 prora
747 839 962 906 iacitur,
997 842 1151 892 stant
1186 837 1350 892 litore
1383 853 1607 906 puppes.

259 916 406 983 Ergo
440 914 722 984 insperata
755 916 981 969 tandem
1017 914 1218 968 tellure
1253 912 1419 982 potiti

188 990 622 1058 Lustramurque
659 990 778 1044 Iovi
813 990 1065 1059 votisque
1100 988 1441 1044 incendimus
1474 1002 1615 1057 aras,

189 1067 462 1135 Actiaque
499 1066 684 1120 Iliacis
717 1065 1058 1123 celebramus
1094 1066 1257 1119 litora
1292 1064 1453 1119 ludis.
1822 1078 1902 1117 ευ

188 1143 459 1197 Exercent
495 1143 702 1211 patrias
736 1142 856 1197 oleo
889 1142 1112 1195 labente
1146 1141 1453 1210 palaestras

187 1217 239 1271 N
245 1218 399 1271 udati
436 1218 596 1283 socii3
630 1218 784 1272 iuvat
819 1218 1055 1272 evasisse
1091 1220 1179 1271 tot
1212 1216 1379 1270 urbes

190 1295 472 1361 Argolicas
509 1294 824 1361 mediosque
859 1293 1045 1361 fugam
1083 1293 1327 1347 tenuisse
1361 1309 1463 1361 per
1497 1291 1689 1347 hostis.

189 1369 412 1423 Interea
446 1386 699 1438 magnum
737 1369 816 1423 sol
853 1368 1294 1423 circumvolvitur
1328 1385 1546 1435 annum,

187 1445 262 1503 Et
295 1446 538 1514 glacialis
573 1448 788 1516 hiemps
823 1445 1173 1515 aquilonibus
1206 1448 1428 1514 asperat
1462 1444 1652 1499 undas,
1710 1512 1719 1517 ι
1824 1459 1902 1498 ass

191 1525 339 1577 Aere
372 1540 504 1577 cavo
539 1523 788 1591 clipeum,
825 1524 1010 1591 magni
1043 1526 1328 1589 gestamen
1366 1520 1624 1589 Abantis,

190 1599 448 1658 Postibus
483 1600 730 1655 adversis
765 1600 889 1668 fige,
925 1603 984 1653 et
1018 1615 1137 1652 rem
1172 1598 1413 1653 carmine
1449 1598 1626 1665 signo:

191 1678 425 1732 Annus
461 1692 614 1732 nanc
651 1691 726 1730 nn
764 1691 974 1731 DANAIS
1009 1689 1339 1733 vmromsus
1376 1688 1551 1728 amn.

190 1752 464 1822 Linquere
500 1757 618 1808 tum
654 1757 847 1823 portus
879 1752 1042 1808 iubeo
1078 1755 1140 1806 et
1174 1751 1457 1806 considere
1490 1751 1765 1806 transtris.

191 1829 458 1884 Certatim
495 1830 624 1884 socii
659 1830 862 1884 feriunt
897 1845 1049 1884 mare
1086 1832 1146 1882 et
1179 1844 1420 1897 aequora
1454 1831 1694 1882 verrunt.
1824 1843 1903 1881 aso

191 1905 450 1958 Protinus
483 1907 657 1961 aerias
695 1906 1000 1960 Phaeacum
1035 1904 1423 1960 abscondimus
1458 1920 1626 1972 arces,

190 1980 485 2050 Litoraque
524 1983 675 2051 Epiri
711 1983 946 2050 legimus
979 1985 1258 2052 portuque
1292 1980 1537 2036 subimus

191 2056 430 2111 Chaonio
465 2061 526 2111 et
556 2059 756 2114 celsam
793 2057 1053 2112 Buthroti
1090 2057 1399 2112 accedimus
1432 2057 1641 2112 urbem.

260 2133 367 2187 Hic
400 2133 733 2188 incredibilis
769 2150 955 2188 rerum
990 2135 1137 2186 fama
1172 2137 1403 2202 occupat
1436 2133 1583 2186 auris

192 2209 503 2265 Priamiden
542 2211 816 2265 Helenum
853 2210 1048 2265 Graias
1084 2226 1318 2278 regnare
1352 2226 1454 2278 per
1488 2209 1669 2277 urbeS,
1825 2225 1905 2264 29⁶

191 2286 454 2355 Coniugio
493 2287 766 2342 Aeacidae
803 2285 1001 2356 Pyrrhi
1037 2286 1378 2355 sceptrisque
1412 2286 1665 2355 potitum,

191 2364 266 2417 Et
299 2364 476 2431 patrio
514 2363 937 2418 Andromachen
971 2363 1173 2417 iterum
1209 2362 1438 2417 cessisse
1472 2362 1684 2416 marito.

191 2439 462 2509 Obstipui,
499 2438 743 2508 miroque
777 2439 1056 2494 incensum
1091 2441 1283 2508 pectus
1316 2454 1515 2505 amore,

190 2515 531 2584 Compellare
568 2514 745 2570 virum
781 2519 842 2569 et
875 2532 1031 2568 casus
1065 2530 1393 2582 cognoscere
1428 2515 1629 2568 tantos.
2126 2537 2128 2574 ς

191 2592 520 2661 Progredior
554 2598 733 2661 portu,
769 2591 957 2646 elassis
992 2595 1052 2644 et
1085 2590 1248 2644 litora
1281 2589 1535 2658 linquens
1546 2609 1563 2656 ;
1826 2604 1904 2644 suo

191 2667 477 2722 Sollemnis
511 2685 636 2723 cum
671 2669 816 2722 forte
851 2667 1020 2737 dapes
1055 2671 1115 2722 et
1148 2667 1331 2722 tristia
1365 2664 1510 2719 dona

193 2743 342 2794 Ante
377 2742 572 2795 urbem
606 2745 661 2796 in
695 2744 819 2797 luco
853 2744 976 2798 falsi
1013 2743 1305 2798 Simoentis
1340 2741 1414 2796 ad
1446 2744 1655 2795 undam

193 2812 427 2865 Libabat
461 2815 630 2868 cineri
667 2817 1051 2872 Andromache
1089 2818 1374 2886 Manisque
1410 2817 1643 2871 vocabat

195 2887 530 2942 Hectoreum
565 2890 638 2942 ad
673 2893 960 2960 tumulum,
994 2893 1154 2946 viridi
1189 2909 1351 2962 quem
1386 2893 1627 2962 caespite
1662 2891 1885 2947 inanem

191 2959 269 3012 :Et
301 2961 560 3027 geminas,
595 2979 840 3020 caussam
875 2968 1127 3034 lacrimi5‚
1166 2973 1478 3023 sacraverat
1512 2984 1651 3021 ara&
1826 2983 1902 3022 ³oe

197 3029 276 3084 Ut
309 3049 398 3084 me
432 3039 715 3102 conspexit
750 3041 1056 3096 venientem
1094 3048 1153 3097 et
1189 3045 1349 3098 Troia
1382 3044 1585 3098 circum
1852 3049 1867 3060 ‘

201 3109 370 3158 Arma
404 3120 590 3162 amens
624 3109 779 3178 vidit,
813 3118 1024 3181 magnis
1057 3119 1326 3173 exterrita
1358 3119 1619 3174 monstris
