2163 3401
733 118 1096 165 AENEIDOS
1129 116 1268 165 LIB.
1309 115 1470 165 VIII.
1850 118 1942 167 239

237 202 360 255 Rex
395 201 548 270 prior
582 199 742 255 haec:

236 279 499 333 Maxume
525 277 855 331 Teucrorum
882 276 1092 341 ductor,
1118 292 1227 344 quo
1253 275 1458 345 sospite
1484 292 1784 346 numquam
1863 288 1936 330 m

236 354 351 409 Res
386 353 644 423 equidem
680 354 873 407 Troiae
908 353 1079 407 victas
1115 358 1212 405 aut
1247 369 1414 420 regna
1448 352 1674 421 fatebor,

234 430 411 485 Nobis
446 428 518 482 ad
555 429 684 483 belli
722 429 981 482 auxilium
1016 445 1117 495 pro
1153 429 1368 482 nomine
1406 432 1566 482 tanto

234 509 483 576 Exiguae
520 507 689 559 vires:
731 504 856 558 hinc
893 505 1067 559 Tusco
1103 504 1409 557 claudimur
1443 506 1604 571 amni,

234 586 382 639 Hinc
420 583 659 637 Rutulus
696 584 911 651 premit,
950 585 1009 635 et
1044 598 1262 634 murum
1300 582 1661 637 circumsonat
1695 584 1875 652 armis,

233 662 345 718 Sed
380 660 483 715 tibi
520 676 626 727 ego
660 660 895 727 ingentis
931 657 1160 729 populos
1198 659 1563 727 opulentaque
1599 660 1784 728 regnis
1865 674 1938 715 4¹75

232 739 473 805 Iungere
508 739 689 790 castra
722 753 870 804 paro,
911 752 1075 805 quam
1111 736 1224 788 fors
1259 734 1479 803 inopina
1514 738 1746 791 salutem

232 815 506 868 Ostentat.
582 813 735 866 Fatis
770 812 877 865 huc
913 816 971 865 te
1007 812 1358 881 poscentibus
1394 813 1588 867 adfers.

232 890 405 944 Haud
440 890 626 958 procul
665 889 791 942 hinc
829 905 959 943 saxo
997 888 1250 943 incolitur
1293 887 1524 942 fundata
1559 886 1778 944 vetusto

234 966 401 1021 Urbis
441 966 729 1034 Agyllinae
764 966 939 1033 sedeS,
976 966 1069 1018 ubi
1109 965 1282 1033 Lydia
1317 967 1592 1034 quondam

232 1045 395 1109 GenS,
432 1042 577 1096 bello
612 1042 907 1111 praeclara,
942 1042 1086 1110 iugis
1121 1042 1326 1095 insedit
1366 1043 1621 1099 Etruscis.
1861 1060 1936 1099 48⁰

233 1121 394 1173 Hanc
429 1118 633 1171 multos
668 1117 951 1171 florentem
987 1134 1156 1171 annos
1191 1134 1290 1171 rex
1327 1119 1527 1173 deinde
1561 1122 1796 1190 superbo

233 1196 455 1265 Inperio
490 1198 549 1247 et
583 1194 759 1247 saevis
794 1195 977 1248 tenuit
1015 1194 1320 1249 Mezentius
1355 1196 1535 1251 armis.

232 1272 379 1336 Quid
416 1287 713 1324 memorem
750 1270 999 1323 infandas
1037 1270 1246 1337 caedeS,
1285 1272 1419 1340 quid
1456 1274 1600 1328 facta
1633 1277 1847 1345 tyranni

228 1348 443 1401 Effera?
486 1347 545 1400 di
580 1347 744 1415 capiti
779 1347 949 1415 ipsius
983 1348 1284 1415 generique
1319 1354 1628 1404 reservent!
1705 1378 1710 1384 -

230 1424 453 1479 Mortua
488 1424 619 1493 quin
654 1423 820 1477 etiam
856 1423 1120 1491 iungebat
1155 1440 1382 1493 corpora
1417 1426 1567 1493 vivis,
1859 1442 1932 1480 485

231 1500 557 1568 Conponens
592 1498 953 1568 manibusque
990 1515 1182 1553 manus
1218 1502 1386 1568 atque
1423 1500 1606 1557 oribus
1643 1519 1752 1568 ora,

230 1576 518 1641 Tormenti
531 1592 735 1651 genus,
773 1580 831 1630 et
866 1577 1017 1631 sanie
1054 1574 1295 1644 taboque
1332 1576 1552 1629 fluentis

230 1653 516 1722 Conplexu
549 1653 605 1706 in
641 1646 839 1707 misero
873 1652 1037 1722 longa
1072 1653 1148 1706 sic
1183 1655 1361 1707 morte
1397 1653 1640 1709 necabat.

234 1729 311 1784 At
346 1729 477 1783 fessi
511 1729 738 1784 tandem
773 1730 918 1794 cives
952 1730 1179 1784 infanda
1213 1728 1483 1785 furentem

235 1806 453 1860 Armati
490 1806 896 1861 circumsistunt
932 1807 1222 1875 ipsumque
1259 1808 1606 1877 domumque,
1860 1825 1933 1866 4⁰0

231 1883 578 1936 Obtruncant
613 1883 800 1952 sociOS,
836 1885 1019 1951 ignem
1056 1883 1128 1937 ad
1164 1884 1384 1952 fastigia
1417 1885 1638 1940 iactant.

231 1959 335 2012 Ille
369 1960 517 2012 inter
551 1960 772 2013 caedem
813 1960 1144 2014 Rutulorum
1186 1961 1402 2030 elapsus
1435 1963 1491 2014 in
1527 1980 1687 2032 agros

230 2035 551 2103 Confugere,
587 2039 645 2090 et
680 2035 847 2088 Turni
887 2036 1174 2090 defendier
1210 2037 1440 2105 hospitis
1476 2041 1654 2094 armis·

228 2112 374 2180 Ergo
412 2112 585 2166 omnis
618 2113 776 2167 furiis
812 2114 1051 2166 surrexit
1088 2113 1312 2168 Etruria
1347 2115 1529 2180 iustis;

229 2189 441 2257 Regem
478 2188 550 2242 ad
588 2189 911 2257 supplicium
948 2190 1224 2258 praesenti
1263 2191 1446 2244 Marte
1481 2196 1787 2260 reposcunt.
1857 2209 1930 2247 495

228 2265 337 2319 His
373 2281 477 2333 ego
514 2269 586 2331 te,
628 2267 833 2334 Aenea,
871 2266 1155 2320 ductorem
1194 2265 1414 2319 milibus
1451 2267 1666 2321 addam«

227 2342 366 2395 Toto
396 2358 639 2411 namque
675 2343 915 2397 fremunt
949 2343 1255 2398 condensae
1289 2342 1448 2398 litore
1484 2361 1710 2414 puppes,

226 2418 507 2487 Signaque
540 2419 687 2472 ferre
720 2418 939 2485 iubent;
979 2420 1183 2474 retinet
1220 2420 1512 2489 longaevus
1547 2421 1820 2491 haruspex

227 2495 370 2548 Fata
405 2511 632 2550 canens:
673 2495 719 2548 Ο
758 2495 1042 2550 Maeoniae
1078 2495 1294 2551 delecta
1329 2497 1596 2565 iuventus,

226 2571 359 2625 Flos
381 2575 631 2626 veterum
656 2573 940 2641 virtusque
964 2573 1154 2640 virum,
1180 2590 1316 2642 quos
1340 2575 1516 2627 iustus
1541 2574 1595 2626 in
1621 2575 1836 2629 hostem
1857 2590 1932 2629 500

226 2649 365 2702 Fert
400 2648 556 2703 dolor
592 2652 651 2703 et
684 2649 883 2702 merita
918 2649 1168 2704 accendit
1206 2650 1510 2704 Mezentius
1545 2651 1640 2717 ira,

225 2724 379 2777 Nulli
414 2725 499 2778 fas
538 2725 683 2778 Italo
718 2729 933 2780 tantam
972 2726 1300 2794 subiungere
1334 2731 1584 2795 gentem:

226 2802 505 2855 Externos
539 2807 731 2872 optate
766 2803 947 2858 duces.
1024 2803 1162 2857 Tum
1201 2804 1433 2858 Etrusca
1467 2804 1676 2858 resedit

224 2878 351 2932 Hoc
386 2879 531 2932 acies
566 2896 771 2950 campo,
807 2881 1027 2935 monitis
1063 2880 1330 2936 exterrita
1363 2881 1558 2935 divom.

224 2955 359 3024 Ipse
395 2958 641 3010 oratores
675 2957 749 3010 ad
782 2974 871 3010 me
906 2957 1172 3026 regnique
1209 2974 1461 3012 coronam
1857 2971 1930 3012 50⁶

222 3031 364 3086 Cum
402 3036 622 3102 sceptro
657 3034 807 3088 misit
841 3034 1178 3102 mandatque
1213 3034 1444 3101 insignia
1479 3033 1739 3100 Tarchon,

220 3105 527 3162 Succedam
563 3110 775 3178 cestrie,
813 3110 1198 3178 Tyrrhenaque
1234 3126 1402 3176 regna
1435 3125 1728 3176 capessam.

219 3183 340 3240 Sed
375 3184 509 3239 mihi
544 3185 707 3240 tarda
740 3187 869 3251 gelu
905 3185 1203 3252 saeclisque
1237 3184 1401 3238 effeta
1436 3187 1686 3237 senectus
