2163 3401
771 100 920 147 AEN
931 99 1141 146 EIDOS
1177 98 1249 146 LI
1258 98 1314 144 B.
1354 97 1428 146 ΙΙ.
1864 97 1952 146 111

254 183 458 250 Incipio
495 197 658 248 supcr
690 180 800 232 his:
843 179 1091 245 IuveneS,
1126 177 1421 230 fortissima
1452 177 1656 231 frustra

250 257 494 324 Pectora,
532 257 577 310 si
615 256 766 309 vobis
801 255 1097 308 audentem
1133 259 1382 308 extrema
1414 252 1611 321 cupido

247 334 416 388 Certa
453 333 621 401 sequi,
659 348 801 400 quae
836 331 910 385 sit
947 331 1111 384 rebus
1148 331 1367 384 fortuna
1402 329 1626 385 videtis:
1883 343 1958 384 aso

246 410 545 464 Excessere
579 425 784 472 omues„
822 407 1002 475 adytis
1036 407 1257 474 arisque
1292 406 1515 471 relictis,

246 485 332 551 Di,
370 485 567 555 quibus
600 484 869 552 inperium
905 483 1004 536 hoc
1039 485 1305 547 steterat3
1340 482 1656 536 succurritis
1690 481 1815 536 urbi

249 561 538 626 Incensae3
573 560 881 625 moriamur,
919 562 978 613 et
1012 559 1068 613 in
1105 559 1288 612 media
1322 574 1477 612 arma
1510 574 1745 612 ruamus.

247 638 373 691 Una
407 637 555 691 salus
589 636 760 701 victiS,
797 635 1002 690 nullam
1035 651 1258 704 sperare
1294 635 1539 689 salutem.

247 714 338 767 Sic
361 713 555 766 animis
578 713 831 766 iuvenum
855 711 1004 766 furor
1030 711 1265 765 additus.
1342 711 1498 778 Inde,
1522 710 1636 779 lupi
1664 725 1765 763 ceu
1887 724 1961 764 355

249 788 523 857 Raptorcs
557 792 680 844 atra
713 789 770 841 in
805 788 1020 854 nebula,
1057 804 1197 856 quos
1232 787 1461 856 inproba
1495 786 1703 840 ventris

249 864 452 933 Exegit
483 881 676 921 caecos
709 863 905 931 rabies,
941 864 1221 932 catulique
1257 863 1435 916 relicti

248 940 518 994 Faucibus
553 943 877 1010 exspectant
911 940 1080 1005 εἰσείς,
1120 956 1219 1007 per
1257 939 1383 1005 tela,
1419 955 1519 1008 per
1554 939 1727 991 hostis

247 1016 514 1071 Vadimus
549 1017 698 1071 haud
735 1016 956 1070 dubiam
986 1016 1042 1068 iu
1073 1019 1323 1081 mortem,
1358 1015 1679 1083 mediaeque
1709 1017 1960 1068 tenemus

245 1092 414 1147 Urbis
448 1095 584 1159 iter3
619 1110 727 1147 nox
761 1097 884 1148 atra
919 1109 1050 1146 cava
1081 1091 1436 1145 circumvolat
1471 1090 1677 1144 umbra.
1888 1100 1961 1142 suo

247 1170 381 1234 Quis
416 1170 628 1226 cladem
663 1169 806 1223 illius
843 1170 1032 1232 noctis,
1067 1169 1192 1236 quis
1228 1168 1422 1221 funera
1456 1167 1621 1221 fando

249 1245 512 1314 Explicet,
549 1249 648 1302 aut
682 1246 854 1314 possit
889 1245 1129 1299 lacrimis
1165 1261 1403 1312 aequare
1439 1244 1692 1298 labores?

249 1320 400 1374 Urbs
433 1321 660 1390 antiqua
693 1320 820 1385 ruit,
857 1321 1057 1373 multos
1094 1320 1371 1374 dominata
1404 1337 1504 1389 por
1538 1335 1739 1383 annos;

252 1395 493 1448 Plurima
526 1411 734 1464 perque
769 1396 884 1448 vias
920 1399 1241 1448 sternuntur
1276 1396 1475 1448 inertia
1508 1395 1715 1465 passim

250 1469 494 1539 Corpora
527 1487 738 1538 perque
778 1471 966 1523 domos
1003 1473 1062 1522 et
1098 1469 1352 1536 religiosa
1388 1469 1617 1523 deorum
1889 1484 1963 1524 305

248 1544 478 1600 Limina.
531 1545 584 1599 N
587 1561 650 1598 ec
685 1545 785 1598 soli
820 1561 1024 1613 poenas
1059 1543 1198 1597 dant
1230 1544 1491 1612 sunguine
1527 1545 1747 1612 Teucri;

249 1621 534 1686 Quondam
572 1621 741 1675 etiam
778 1621 933 1674 victis
970 1619 1121 1673 redit
1156 1620 1212 1672 in
1248 1620 1567 1688 praecordia
1603 1620 1780 1675 virtus

248 1698 613 1767 Victoresque
651 1695 856 1753 cadunt
895 1696 1083 1750 Danai.
1157 1694 1409 1751 Crudelis
1447 1695 1651 1767 ubique

247 1773 470 1842 Luctus,
503 1774 706 1843 ubique
742 1790 925 1842 pavor,
963 1776 1022 1827 et
1057 1773 1293 1842 plurima
1328 1774 1521 1827 mortis
1556 1775 1755 1843 imago.
1784 1770 1829 1843 0

318 1850 530 1903 Primus
569 1867 642 1917 se,
683 1850 930 1903 Danaum
967 1866 1170 1917 magna
1204 1849 1499 1904 comitante
1535 1854 1771 1917 caterva,
1883 1865 1958 1906 ³7⁰

249 1927 576 1995 Androgeos
609 1926 771 1979 offert
805 1925 974 1993 nobis,
1009 1926 1157 1979 socia.
1191 1927 1410 1995 agmina
1445 1926 1676 1981 credens

247 2004 473 2070 Inscius,
508 2007 673 2070 atque
709 2001 855 2055 ultro
892 2002 1072 2055 verbis
1109 2002 1399 2070 compellat
1436 2003 1650 2057 amicis:

248 2078 542 2145 Festinate,
581 2079 696 2133 viri.
770 2078 912 2131 Nam
950 2095 1093 2146 quae
1127 2082 1242 2131 tam
1280 2096 1402 2133 sera
1438 2082 1683 2133 moratur

247 2154 517 2223 Segnities
533 2156 552 2208 Ἰ
589 2154 683 2207 alii
719 2153 941 2221 rapiunt
978 2155 1199 2207 incensa
1233 2154 1531 2222 feruntque

249 2230 547 2298 Pergama;
583 2246 678 2283 vos
714 2229 872 2283 celsis
908 2246 1050 2282 nunc
1086 2230 1322 2297 primum
1360 2247 1393 2282 a
1429 2230 1660 2283 navibus
1694 2230 1804 2284 itis.
1889 2242 1963 2285 875

250 2306 420 2372 Dixit,
458 2309 518 2359 et
552 2303 846 2373 extemplo,
884 2321 1060 2372 neque
1097 2304 1242 2357 enim
1280 2320 1541 2373 responsa
1576 2304 1850 2359 dabantur

253 2380 392 2435 Fida
424 2382 574 2447 satis,
609 2381 779 2435 sensit
816 2380 1025 2434 medios
1061 2380 1320 2449 delapsus
1354 2380 1410 2435 in
1448 2381 1635 2435 hostis.

248 2457 546 2526 Obstipuit,
582 2461 841 2524 retroque
875 2456 1076 2523 pedem
1115 2472 1237 2509 cum
1272 2473 1404 2511 voce
1440 2459 1721 2527 repressit.

250 2532 601 2601 inprovisum
637 2533 811 2601 aspris
846 2531 1015 2585 veluti
1052 2532 1147 2600 qui
1182 2532 1429 2587 sentibus
1464 2550 1698 2600 anguem

251 2608 461 2663 Pressit
497 2607 649 2660 humi
687 2608 883 2673 nitens,
922 2607 1283 2675 trepidusque
1317 2612 1546 2677 repente
1583 2609 1787 2677 iefugit
1889 2624 1963 2663 380

252 2684 618 2741 Attollentem
655 2682 764 2735 iras
800 2687 857 2737 et
894 2683 1112 2735 caerula
1146 2682 1282 2736 colla
1317 2686 1651 2748 tumentem;

251 2761 420 2817 Haud
456 2775 613 2815 secus
654 2757 980 2825 Androgeos
1016 2740 1523 2813 visussremefactus
1560 2759 1760 2815 abibat.

251 2839 542 2904 Inruimus,
579 2834 766 2889 densis
803 2836 862 2889 et·
898 2833 1385 2888 circumfundimur
1418 2836 1601 2905 armis,

251 2914 592 2983 Ignarosque
628 2912 731 2966 loci
767 2909 971 2980 passim
1009 2914 1067 2964 et
1102 2910 1391 2966 formidine
1426 2917 1612 2982 captos

249 2990 574 3046 Stel-nimus.
647 2987 920 3056 Adspirat
954 2986 1133 3056 primo
1168 2987 1388 3042 fortuna
1424 2988 1613 3043 labori.
1888 3000 1965 3042 88⁶

252 3068 442 3135 Atque
478 3066 564 3119 hic
599 3080 854 3119 successu
890 3062 1171 3117 exsultans
1207 3064 1511 3135 animisque
1548 3064 1841 3129 Coroebus,

251 3142 298 3197 Ο
336 3142 481 3210 socii,
517 3158 627 3208 qua
661 3139 852 3210 prima,
887 3138 1086 3208 inquit,
1117 3138 1342 3195 fortuna
1375 3138 1569 3193 salutis
