2163 3401
200 42 295 91 233
674 41 732 89 P.
770 6 1076 98 viantum
1110 42 1441 99 MARoms

200 120 320 173 Iam
355 124 473 174 tum
511 120 702 188 religio
736 120 965 189 pavidos
980 122 1250 181 ,terrebat
1283 125 1516 193 agrestis

198 195 333 251 Dira
366 196 499 262 loci;
534 198 643 251 iam
678 200 801 251 tum
835 198 1023 261 silvam
1060 214 1362 270 saxumque
1397 201 1728 257 tremebant.
1834 217 1908 258 3⁵0

198 272 320 327 Hoc
354 290 559 341 nemus,
596 274 751 341 hune,
788 275 981 343 inquit,
1016 276 1274 336 frondoso
1310 280 1516 332 vertice
1551 279 1761 347 collem,

198 350 329 413 Quis
356 350 495 405 deus
514 352 791 405 'incertum
822 354 923 417 est,
951 350 1167 405 habitat
1201 352 1366 420 deus;
1402 354 1653 409 Arcades
1683 355 1873 425 ipsum

196 427 441 481 Credunt
477 444 537 481 se
572 426 773 487 vidisse
810 427 1014 495 Iovem,
1038 444 1175 491 ‘cum
1211 446 1374 499 saepe
1410 431 1724 499 nigrantem

195 502 410 571 Aegida
445 506 761 557 concuteret
797 503 1011 571 dextra,
1048 505 1372 575 nimbosque
1407 507 1590 562 cieret.

195 578 347 633 Haec
382 580 491 632 duo
526 584 815 648 praeterea
850 579 1091 635 disiectis
1127 582 1328 651 oppida
1360 584 1544 650 muriS,
1830 599 1906 639 ³⁵⁵

194 654 469 724 Reliquias
505 659 861 724 veterumque
898 656 1055 710 vides
1091 662 1442 712 monumenta
1475 660 1732 715 virorum.

144 737 155 801 ξ
192 732 347 788 Hanc
384 731 551 787 Ianus
584 735 758 801 pater,
792 732 931 785 hanc
966 733 1234 789 Saturnus
1271 735 1517 789 condidit
1550 752 1768 802 arcem;

190 808 489 863 Ianiculum
524 808 665 872 huic,
702 807 780 861 illi
816 808 996 865 fuerat
1032 808 1292 863 Saturnia
1324 826 1534 864 nomen.

188 884 404 939 Talibus
438 886 583 939 inter
618 902 677 939 se
712 883 873 939 dictis
909 886 981 938 ad
1016 888 1167 939 tecta
1201 886 1460 942 subibant

188 960 447 1029 Pauperis
484 960 751 1027 Euandri,
780 962 1094 1030 passimque
1133 967 1382 1016 armenta
1416 962 1678 1017 videbant
1819 978 1900 1017 am

186 1038 537 1107 Romanoque
572 1038 691 1092 foro
728 1049 788 1092 et
819 1038 985 1094 ,lautis
1020 1039 1233 1107 mugire
1271 1038 1494 1093 Carinis.

184 1114 262 1168 Ut
297 1117 519 1167 ventum
555 1114 629 1167 ad
662 1114 849 1168 sedes:
899 1113 1068 1182 Haec,
1103 1114 1296 1183 inquit,
1331 1114 1516 1167 limina
1547 1114 1724 1169 victor

183 1189 407 1243 Alcides
443 1189 623 1257 subiit,
660 1189 795 1243 haee
830 1190 985 1243 illum
1021 1190 1173 1258 regia
1207 1190 1366 1259 cepit.

182 1266 360 1335 Aude,
394 1265 609 1335 hospeS,
644 1270 993 1333 contemnere
1030 1284 1176 1337 opes,
1213 1270 1272 1320 et
1306 1269 1366 1321 te
1403 1282 1622 1335 quoquo
1660 1266 1894 1335 dignum

183 1342 352 1410 Finge
389 1342 508 1410 dee,
543 1342 818 1411 rebusque
852 1342 976 1395 veni
1011 1360 1119 1395 non
1156 1360 1316 1411 asper
1351 1342 1552 1411 egenis⁸
1815 1358 1896 1397 aas

180 1419 347 1487 Dixit,
385 1422 444 1473 et
476 1418 694 1486 angusti
732 1417 923 1471 subter
956 1418 1176 1487 fastigia
1212 1420 1347 1472 tecti

181 1495 471 1563 Ingentem
508 1495 733 1548 Aenean
771 1494 943 1561 duxit,
982 1495 1280 1563 stratisque
1317 1494 1512 1548 locavit

178 1571 443 1625 Effultum
477 1570 618 1625 foliis
653 1575 711 1625 et
744 1571 888 1639 pelle
926 1571 1224 1640 Libystidis
1258 1588 1434 1641 ursae.

248 1648 371 1703 Nox
406 1650 533 1717 ruit,
568 1650 627 1702 et
661 1648 827 1702 fuscis
858 1648 1112 1703 tellurem
1147 1648 1502 1718 amplectitur
1533 1646 1651 1700 alis.

178 1728 260 1779 At
284 1725 472 1780 Venus
497 1724 645 1778 haud
669 1725 849 1778 animo
872 1725 1204 1794 nequiquam
1231 1725 1499 1778 exterrita
1520 1727 1715 1792 mater,
1812 1738 1885 1780 3⁷0

179 1801 617 1869 Laurentumque
654 1801 815 1854 minis
851 1804 909 1855 et
946 1801 1084 1854 duro
1121 1804 1270 1854 mota
1303 1800 1542 1872 tumultu

177 1875 475 1930 Volcanum
510 1877 838 1946 adloquitur,
874 1877 1224 1946 thalamoque
1260 1877 1395 1930 haec
1429 1874 1673 1943 coniugis
1709 1892 1882 1931 aureo

175 1951 389 2020 Incipit,
426 1956 484 2006 et
520 1952 681 2006 dictis
716 1953 959 2006 divinum
996 1953 1244 2022 adspirat
1279 1968 1546 2006 amorem:

172 2028 315 2082 Dum
350 2028 493 2082 bello
532 2029 777 2097 Argolici
813 2030 1105 2083 vastabant
1143 2029 1412 2097 Pergama
1446 2043 1605 2095 reges

171 2104 375 2160 Debita
410 2105 736 2174 casurasque
771 2105 1001 2159 inimicis
1036 2104 1254 2173 ignibus
1289 2121 1456 2172 arces,
1805 2119 1882 2160 8⁷5
1923 2146 1932 2151 -

168 2182 223 2236 N
226 2199 294 2236 on
328 2183 498 2236 ullum
534 2182 793 2236 auxilium
829 2182 1056 2249 miseris,
1093 2197 1201 2234 non
1237 2197 1388 2234 arma
1421 2178 1608 2248 rogavi

171 2259 328 2312 Artis
363 2259 589 2328 opisque
624 2261 783 2324 tuae;
820 2275 922 2312 nec
959 2262 1032 2326 te,
1068 2257 1346 2329 carissimo
1381 2256 1630 2332 coniunx,

168 2335 514 2389 Incassumve
550 2338 674 2387 tuos
708 2334 853 2390 volui
890 2350 1148 2388 exercere
1183 2332 1412 2398 laboreS‚

169 2412 424 2476 Quamvis
457 2413 527 2464 et·
558 2409 759 2464 Priami
795 2411 1056 2464 deberem
1095 2409 1330 2480 plurima
1364 2408 1519 2472 natis,

166 2488 242 2542 Et
276 2488 474 2542 durum
513 2489 735 2542 Aeneae
768 2487 1038 2542 flevissem
1074 2502 1239 2554 saepe
1274 2484 1530 2538 laborem.
1799 2498 1877 2537 aso

166 2564 325 2619 Nunc
362 2565 507 2619 Iovis
543 2564 764 2632 inperiis
802 2563 1130 2616 Rutulorum
1166 2561 1412 2616 constitit
1446 2559 1580 2613 oris:

164 2639 310 2708 Ergo
345 2641 537 2696 eadem
574 2640 802 2709 supplex
838 2641 1009 2708 venio,
1024 2706 1031 2714 ·
1045 2642 1106 2692 et
1141 2641 1388 2700 sanctum
1423 2633 1562 2690 mihi·
1592 2650 1800 2690 numen

165 2718 341 2770 Arma
375 2731 522 2785 roge,
558 2716 813 2783 genetrix
847 2718 992 2769 nato,
1065 2715 1142 2768 Te
1178 2715 1292 2768 filia
1327 2711 1510 2781 Nerei,

163 2791 242 2843 ΤΘ
276 2793 456 2857 potuit
490 2791 727 2844 lacrimis
763 2791 1011 2858 Tithonia
1047 2791 1270 2844 flectere
1307 2789 1550 2843 coniunx.

161 2864 375 2926 Aspice,
412 2865 507 2928 qui
542 2869 734 2917 coeant
768 2866 968 2932 populi,
1008 2882 1150 2933 quae
1185 2866 1400 2919 moenia
1433 2863 1630 2918 clausis
1791 2879 1868 2920 a&

160 2934 391 2983 Ferrum
428 2941 625 2992 acuant
660 2939 833 3002 portis
866 2940 923 2990 in
959 2957 1047 2992 me
1085 2939 1494 3008 exscidiumque
1529 2955 1794 2994 meorum.

158 3004 402 3067 Dixerat,
439 3009 498 3054 et
532 3007 704 3059 niveis
739 3010 863 3062 hinc
900 3017 1069 3080 atque
1105 3014 1232 3067 hinc
1267 3014 1394 3068 diva
1427 3014 1652 3070 lacertis

156 3075 513 3123 Cunctantem
550 3078 803 3138 amplexu
837 3084 983 3136 molli
1019 3085 1180 3140 fovet.
1257 3088 1360 3143 Ille
1396 3091 1626 3158 repente

58 3281 107 3330 k
