2163 3401
196 86 286 133 186
321 126 330 133 .
659 81 716 133 P.
761 82 1066 137 VERGILI
1099 82 1436 132 MARONIS

191 164 519 232 Contingat3
557 164 756 219 doceas
791 163 900 217 iter
935 167 994 218 et
1030 179 1185 219 sacra
1218 165 1361 221 ostia
1396 166 1624 235 pandas.

181 242 356 305 Illum
395 258 496 308 ego
533 258 632 309 per
667 240 912 293 flammas
947 242 1006 294 et
1041 240 1193 294 mille
1228 242 1517 310 sequentia
1553 243 1669 299 tela
1840 260 1921 299 no

190 318 379 386 Eripui
416 318 501 371 his
536 317 792 384 humeris»,
828 316 1123 385 medioque
1156 334 1226 371 ex
1263 318 1423 372 hoste
1458 320 1673 388 recepi3

192 396 295 449 Ille
331 412 514 448 mcum
551 394 842 449 comitatus
878 393 988 447 iter
1024 395 1199 447 maria.
1234 395 1417 449 onmia
1450 412 1664 451 mecum

192 475 382 541 Atque
420 471 597 524 omnis
634 470 927 540 pelagique
963 469 1141 523 minas
1178 470 1425 539 caelique
1458 471 1689 542 ferebat,

192 548 489 615 Invalidus,
527 546 658 601 viris
695 546 844 600 ultra
881 550 1198 616 sortemque
1234 552 1501 603 senectae.

193 625 352 694 Quin,
376 628 440 679 ut
463 628 524 677 te
548 623 779 692 supplex
803 626 1051 693 peterem
1078 628 1137 676 et
1160 627 1260 677 tua
1283 624 1471 679 limina
1492 624 1723 695 adirem,
1840 640 1913 679 1¹5

193 700 353 755 Idem
389 717 550 755 orans
589 700 848 753 mandata
886 700 1073 754 dabat.
1152 700 1429 769 Gnatique
1464 700 1768 771 patrisque,

194 778 370 845 Alma,
406 794 613 847 precor,
652 777 912 831 miserere
932 780 1170 847 3—-potes
1204 794 1442 847 namque
1476 778 1673 845 omnia,
1709 794 1815 833 nec
1852 780 1908 832 te

195 854 543 923 Nequiquam
580 853 716 907 lucis
741 851 989 908 Hecate'
1007 854 1276 921 praefecit
1314 854 1551 908 Avernis
1566 875 1653 920 γ-

195 930 251 983 Si
287 931 470 999 potuit
507 930 686 985 Manis
723 946 1000 985 arcessere
1038 930 1284 998 coniugis
1322 930 1589 1000 Orpheus,

195 1007 442 1061 Threicia
476 1008 652 1061 fretus
689 1006 820 1061 citha
821 1024 902 1061 tra
939 1007 1253 1075 fidibusque
1288 1006 1511 1074 canoris,
1836 1023 1907 1061 ιω

196 1082 253 1137 Si
289 1084 518 1137 fratrem
558 1083 750 1136 Pollux
787 1084 1000 1137 alterna
1033 1087 1213 1142 morte
1248 1084 1499 1151 redemit,

197 1161 362 1228 Itque
385 1160 656 1227 reditque
692 1161 834 1213 viam
873 1162 1089 1213 totiens,
1162 1160 1305 1225 Quid
1343 1160 1566 1228 Thesea,
1602 1176 1864 1228 magnum

198 1235 344 1301 Quid
372 1252 668 1289 memorem
701 1236 972 1291 Alciden?
1011 1241 1068 1290 et
1100 1236 1174 1290 mi
1204 1253 1377 1304 genus
1406 1235 1477 1289 ab
1510 1236 1644 1289 Iove
1672 1250 1903 1291 summe.

266 1312 485 1365 Talibus
520 1310 715 1366 orabat
752 1312 929 1381 dictis,
967 1329 1200 1380 arasque
1236 1312 1476 1378 tenebat,
1792 1370 1797 1375 ,

195 1388 334 1443 Cum
371 1389 447 1443 sic
483 1404 607 1441 orsa
639 1388 791 1456 loqui
826 1392 1006 1443 vates:
1050 1389 1181 1443 Sate
1218 1387 1480 1456 sanguine
1514 1387 1717 1456 divom,
1832 1404 1906 1443 1:²25

195 1464 331 1519 Tros
373 1464 725 1531 Anchisiade,
762 1465 937 1519 facilis
973 1462 1279 1518 descensus
1306 1467 1562 1529 Avern03

193 1540 400 1596 Noctes
433 1546 602 1611 atque
639 1541 758 1595 dies
793 1545 949 1611 patet
985 1542 1093 1596 atri
1128 1541 1291 1595 ianua
1324 1540 1499 1594 Ditis·
1487 1582 1500 1605 ,
1528 1598 1535 1605 ,

197 1618 308 1672 Sed
343 1635 597 1672 revocare
633 1618 866 1686 gradum
904 1634 1239 1686 superasque
1276 1615 1513 1671 evadere
1548 1616 1621 1671 ad
1656 1632 1837 1681 auras,

197 1694 319 1749 Hoc
354 1712 504 1763 opuS,
542 1694 631 1749 hic
667 1694 823 1748 labor
859 1697 959 1749 est.
1033 1694 1211 1759 Pauci,
1248 1711 1385 1762 quos
1420 1710 1629 1762 aequus
1664 1694 1873 1748 amavit

195 1772 462 1841 Iuppiter,
499 1775 597 1825 aut
633 1771 833 1824 ardens
871 1772 1053 1825 evexit
1089 1770 1161 1824 ad
1196 1770 1421 1824 aethera
1456 1769 1677 1838 virtus„
1833 1785 1911 1830 iso

197 1848 298 1900 Dis
332 1848 504 1916 geniti
541 1852 787 1916 potuere.
861 1848 1072 1902 Tenent
1108 1847 1290 1900 media
1327 1845 1509 1899 omnia
1543 1846 1728 1914 silvae,

198 1923 535 1993 Cocytusque
573 1924 694 1979 sinu
729 1923 918 1978 labens
956 1923 1310 1977 circumvenit
1347 1926 1484 1977 atre.

199 2000 356 2064 Quod
392 2000 438 2054 si
475 2004 662 2054 tantus
699 2015 854 2053 amor
889 1999 1077 2064 menti,
1116 1998 1162 2052 si
1197 2002 1356 2052 tanta
1390 1997 1587 2066 cupido
1624 2003 1727 2066 est,

197 2075 295 2130 Bis
331 2076 546 2146 Stygios
584 2077 773 2130 innare
809 2076 972 2140 lacuS,
1007 2074 1095 2129 bis
1132 2075 1289 2143 nigra
1324 2074 1512 2128 videre

197 2152 436 2220 Tartara,
473 2157 532 2206 et
568 2152 758 2220 insano
795 2153 946 2206 iuvat
981 2151 1268 2220 indulgere
1303 2151 1493 2216 labori,
1832 2166 1909 2206 133

197 2230 436 2298 Accipe,
456 2243 597 2298 quae
635 2228 948 2298 peragenda
982 2228 1149 2298 prius.
1222 2227 1388 2282 Latet
1422 2226 1620 2281 arbore
1658 2243 1827 2295 opaca

198 2307 418 2359 Aureus
454 2310 511 2359 et
547 2305 689 2359 foliis
725 2310 784 2359 et
821 2305 968 2358 lento
1005 2303 1203 2358 vimine
1238 2319 1437 2370 mmm,

198 2381 393 2435 Iunoni
431 2382 674 2436 infernae
713 2382 895 2435 dictus
933 2397 1087 2434 sacer
1102 2401 1116 2445 ;
1153 2380 1297 2433 hunc
1332 2379 1477 2446 tegit
1512 2380 1687 2433 omnis

198 2457 375 2512 Lucus
412 2462 469 2511 et
506 2458 749 2512 obscuris
786 2457 1048 2510 claudunt
1084 2454 1415 2510 convallibus
1451 2453 1692 2510 umbrae.

197 2534 308 2588 Sed
343 2552 450 2588 non
485 2538 614 2588 ante
650 2534 816 2588 datur
853 2533 1068 2587 telluris
1104 2535 1297 2602 operta
1332 2529 1532 2598 subire,
1588 2569 1595 2574 -
1840 2547 1915 2586 ιω

198 2610 522 2681 Auricomos
558 2627 722 2679 quam
761 2609 854 2678 qui
893 2607 1230 2677 decerpserit
1267 2605 1463 2660 arbore
1499 2607 1663 2661 fetuS.

197 2686 320 2739 Hoc
356 2686 460 2739 sibi
495 2686 725 2755 pulchra
761 2702 920 2739 suum
955 2684 1088 2738 ferri
1130 2683 1457 2751 Proserpina
1490 2699 1691 2738 munus

198 2761 466 2815 Instituit.
541 2762 725 2816 Primo
761 2761 943 2816 avolso
980 2777 1089 2814 non
1126 2760 1315 2813 deficit
1350 2759 1491 2814 alter

198 2837 433 2899 Aureus,
470 2839 529 2888 et
563 2837 724 2889 simili
759 2835 1061 2890 frondescit
1098 2836 1253 2904 virga
1289 2833 1527 2889 metallo,

196 2909 367 2975 Ergo·
381 2909 492 2962 alte
527 2911 737 2978 vestiga
773 2912 956 2978 oculis,
993 2916 1052 2965 et
1087 2912 1195 2966 rite
1231 2914 1512 2980 repertum
1838 2927 1912 2970 1ss

200 2983 378 3051 Carpe
414 2999 605 3048 manu3
641 3003 875 3054 namque
909 2988 1028 3055 ipse
1061 2988 1248 3041 volens
1284 2979 1565 3054 facilisque
1602 2991 1885 3057 sequetur,

211 3057 258 3108 11
294 3061 353 3111 te
387 3058 502 3111 fata.
536 3064 757 3124 vocant3
794 3062 957 3115 aliter
992 3079 1100 3115 non
1136 3063 1339 3116 viribus
1374 3061 1497 3114 ullis

259 3133 453 3200 incere,
489 3149 590 3186 nec
626 3133 764 3188 duro
798 3137 1007 3204 poteris
1042 3139 1348 3195 convellere
1382 3136 1547 3194 ferro-
