2163 3401
657 131 662 136 -
717 105 1080 154 AENEIDos
1118 106 1258 156 ΗΒ.
1298 107 1341 155 1.
1544 81 1551 90 ’
1813 109 1875 154 93

67 215 69 220 ·
148 185 417 254 Rupibus
452 186 726 260 excidunt,
764 187 972 239 scaenis
1010 185 1209 238 decora
1244 185 1359 239 alta
1391 185 1602 241 futuris.

66 295 68 298 >
149 262 352 326 Qualis
389 278 519 330 apes
557 265 769 316 aestate
806 278 946 315 nova
980 279 1081 329 per
1117 262 1286 314 florea
1321 279 1448 315 rura
1802 277 1877 318 430

153 339 405 391 Exercet
443 339 546 391 sub
582 338 693 390 sole
731 337 899 404 labor,
937 355 1060 390 cum
1096 339 1279 406 gentis
1317 339 1533 393 adultos

153 415 424 468 Educunt
460 414 621 481 fetus,
660 417 756 467 aut
793 431 916 466 cum
952 413 1216 481 liquentia
1253 415 1416 468 mella

153 492 386 560 Stipant
422 494 481 544 et
521 490 663 543 dulci
703 489 1024 544 distendunt
1062 494 1284 544 nectare
1320 492 1496 557 cellaS,

159 569 284 620 Aut
322 583 490 620 onera.
526 566 794 633 accipiunt
829 566 1147 638 yenientum
1183 572 1278 622 aut
1313 569 1526 636 agmine
1560 571 1705 622 facto

157 643 436 710 Ignavum
473 642 625 695 fucos
658 659 823 712 pecus
863 658 897 694 a
929 643 1283 712 praesepibus
1321 649 1533 699 arcent:
1804 660 1876 700 435

66 759 69 790 :
157 719 373 772 Fervet
409 735 557 787 opus,
594 713 954 788 redolentque
992 719 1177 788 thymo
1214 721 1513 789 fragrantia
1546 720 1721 774 mella.

158 794 209 847 O
248 795 534 861 fortunati,
573 812 800 864 quorum
837 796 944 870 iam
981 798 1195 851 moenia
1230 801 1491 866 surgunt!

161 873 389 924 Aeneas
425 872 516 938 ait,
555 876 613 925 et
647 873 866 940 fastigia
902 873 1126 940 suspicit
1161 873 1324 927 urbis.

167 947 350 1000 Infert
386 965 444 1001 se
481 953 701 1017 saeptus
738 949 936 1002 nebula
946 948 1249 1002 -mirabile
1286 949 1503 1003 dictu-

164 1023 274 1077 Per
310 1024 532 1089 medios,
567 1025 865 1094 miscetque
901 1026 1043 1092 viris,
1084 1041 1259 1094 neque
1294 1026 1534 1079 cernitur
1567 1025 1677 1079 ulli.
1802 1040 1877 1079 440

233 1099 414 1153 Lucus
448 1102 504 1153 in
540 1101 676 1154 urbe
713 1101 820 1154 fuit
855 1101 1052 1168 media,
1093 1101 1418 1155 laetissimus
1454 1101 1697 1168 umbrae,

163 1176 286 1240 Quo
321 1176 556 1245 primum
591 1179 776 1231 iactati
812 1177 972 1231 undis
1009 1181 1067 1230 et
1103 1178 1324 1231 turbine
1362 1178 1529 1231 Poeni

164 1249 422 1306 Effodere
457 1253 572 1307 loco
609 1255 837 1322 signum,
876 1254 1026 1322 quod
1061 1255 1215 1321 regia
1252 1255 1390 1308 Iuno

165 1327 520 1394 Mousti-arat,
559 1333 724 1398 caput
762 1331 900 1382 acris
938 1331 1093 1398 equi;
1134 1331 1208 1383 sic
1244 1347 1369 1384 nam
1405 1331 1521 1383 fore
1555 1330 1701 1384 bello

169 1403 458 1470 Egregiam
495 1408 552 1457 et
587 1403 801 1458 facilem
840 1406 984 1458 victu
1020 1423 1121 1474 per
1156 1408 1368 1460 saecula
1402 1411 1634 1474 gentem.
1801 1421 1875 1460 445

177 1480 278 1530 ilic
315 1479 579 1546 templum
621 1481 814 1533 Iunoni
850 1482 1039 1548 ingens
1079 1481 1300 1534 Sidonia
1338 1482 1481 1534 Dido

170 1553 470 1621 Condebat,
509 1555 664 1610 donis
703 1557 1017 1624 opulentum
1047 1560 1114 1626 ³et
1150 1559 1368 1611 numine
1403 1557 1575 1626 divae,

170 1633 354 1683 Aerea
390 1631 474 1684 cui
509 1632 1109 1702 gradibus-surgebant
1145 1633 1329 1686 limina
1365 1650 1641 1704 nexaeque

170 1708 320 1761 Aere
356 1708 556 1776 trabes,
594 1710 798 1763 foribus
839 1710 1002 1763 cardo
1041 1710 1311 1764 stridebat
1346 1712 1508 1764 aenis.

172 1785 292 1836 Hoc
326 1785 562 1853 primum
595 1787 650 1839 in
689 1786 808 1840 luco
846 1804 984 1840 nova
1019 1804 1109 1840 res
1146 1787 1329 1840 oblata
1364 1787 1611 1840 timorem
1802 1802 1875 1842 450

171 1858 363 1927 Lcniit,
401 1860 486 1914 hic
521 1863 754 1930 primum
795 1865 1012 1917 Aeneas
1052 1880 1274 1932 sperare
1311 1863 1541 1916 salutem

174 1939 355 1988 Ausus
391 1941 449 1990 ct
485 1938 717 1993 adflictis
753 1940 945 1993 melius
981 1940 1255 1994 confidere
1291 1939 1467 1993 rebus.

175 2012 420 2080 *Jamque
457 2014 558 2067 sub
594 2016 803 2083 ingenti
839 2015 1039 2069 lustrat
1075 2015 1207 2069 dum
1245 2016 1457 2084 singula
1490 2014 1711 2084 temp10,

176 2088 437 2155 Reginam
474 2092 776 2160 opperiens,
816 2091 959 2157 dum,
997 2109 1137 2160 quae
1176 2092 1419 2145 Fortuna
1454 2092 1525 2145 sit
1559 2090 1693 2155 urbi,

177 2163 570 2235 Artificumque
605 2185 798 2221 manus
832 2168 976 2221 inter
1013 2186 1072 2222 se
1110 2184 1441 2237 operumque
1476 2166 1719 2220 laborem
1803 2180 1874 2220 455
2094 2216 2096 2257 Ι

175 2237 422 2306 Miratur,
460 2243 622 2297 videt·
652 2245 847 2297 Iliacas
884 2262 952 2298 ex
989 2243 1179 2297 ordine
1215 2261 1425 2313 pugnas
2094 2260 2096 2293 Ι

177 2312 450 2389 Bellaque]
468 2318 592 2391 iam·
613 2321 758 2374 fama
793 2324 971 2373 totum
1009 2320 1227 2390 volgata
1262 2337 1362 2388 per
1397 2320 1598 2383 orbem,
2092 2300 2096 2401 l

179 2392 412 2454 Atridas,
453 2394 852 2465 Priamumque,
891 2401 949 2450 et
986 2413 1204 2449 saevum
1244 2395 1508 2449 ambobus
1550 2396 1811 2450 Achillen.
1920 2440 1927 2447 .
2094 2416 2096 2473 ς

179 2468 446 2534 Constitit,
474 2477 530 2523 et
554 2471 854 2538 lacrimans,
885 2472 1018 2536 Quis
1043 2474 1152 2525 iam
1178 2473 1340 2539 locus,
1367 2472 1561 2540 inquit,
1592 2472 1819 2537 Achate,
2094 2476 2096 2499 ¹

180 2544 326 2607 Quae
360 2545 509 2611 regio
546 2546 601 2599 in
637 2549 800 2601 terris
835 2549 1008 2602 nostri
1045 2566 1150 2601 non
1187 2548 1349 2617 plena
1384 2548 1617 2601 laboris?
1799 2563 1873 2601 400

183 2619 259 2671 En
300 2618 559 2675 Priamus,
635 2623 776 2676 Sunt
810 2623 896 2677 hic
933 2624 1101 2677 etiam
1139 2640 1237 2677 sua
1272 2624 1517 2693 praemia
1552 2622 1731 2687 laudi3

182 2698 315 2749 Sunt
348 2696 602 2751 lacrimae
637 2714 822 2751 rerum
859 2703 917 2753 et
953 2705 1194 2754 mentem
1230 2700 1481 2753 mortalia
1516 2703 1763 2767 tangunt.
1791 2688 1823 2783 J

182 2770 332 2825 Solve
368 2778 577 2837 metus;
613 2774 755 2827 feret
790 2773 923 2827 haec
959 2775 1196 2843 aliquam
1232 2775 1334 2829 tibi
1368 2774 1513 2829 fama
1548 2775 1795 2830 salutem.

183 2848 267 2900 Sic
300 2847 390 2915 ait,
428 2855 597 2919 atque
632 2850 871 2903 animum
908 2851 1125 2918 pictura
1159 2852 1333 2920 pascit
1369 2852 1530 2919 inani,

186 2923 353 2976 Multa
386 2942 626 2992 gemens,
662 2926 928 2995 largoque
963 2926 1242 2983 humectat
1279 2928 1497 2982 flumine
1533 2928 1754 2982 voltum.
1800 2941 1874 2981 486

186 2999 426 3068 Namque
463 3002 700 3069 videbat,
737 3003 819 3057 uti
856 3002 1124 3057 bellantes
1163 3004 1428 3073 Pergama
1462 3004 1663 3058 circum

189 3076 301 3128 Hac
333 3076 586 3145 fugerent
624 3079 789 3145 Graii,
827 3083 1107 3147 premeret
1142 3081 1373 3135 Troiana
1407 3081 1676 3145 iuventus,

189 3151 301 3205 Hac
336 3150 592 3223 Phryges,
628 3155 862 3211 instaret
897 3170 1062 3211 curru
1097 3157 1355 3213 cristatus
1391 3156 1649 3211 Achilles.
