2163 3401
182 70 273 115 124
658 67 715 113 P.
757 63 1062 113 VERGILI
1094 62 1355 111 MARON
1359 63 1423 111 IS

180 148 253 204 Et
287 153 493 203 terram
530 146 659 201 tabo
693 147 983 201 maculant.
1059 144 1202 199 Mihi
1237 143 1471 213 frigidus
1503 146 1699 201 horror

180 223 430 279 Membra
455 222 651 293 quatit,
675 224 1001 291 gelidusque
1025 223 1135 275 coit
1159 221 1452 275 formidine
1474 224 1710 291 sanguis.
1850 240 1903 280 ³0

180 302 391 355 Rursus
427 310 484 355 et
518 301 744 355 alterius
778 301 990 354 lentum
1027 298 1334 353 convenere
1369 300 1549 353 vimen

179 379 451 447 Insequor
485 382 542 431 et
578 392 795 431 caussas
832 377 1052 445 penitus
1090 380 1368 443 temptare
1403 376 1649 431 latentis:

179 457 324 509 Ater
358 460 415 509 et
451 454 678 507 alterius
716 454 969 523 sequitur
1006 452 1078 506 de
1114 453 1319 506 cortice
1356 454 1587 521 sanguis,

179 532 357 585 Multa
392 548 612 585 movens
649 532 828 585 animo
867 530 1152 599 Nymphas
1187 528 1487 584 venerabar
1520 533 1755 599 agrestis

179 607 588 677 Gradivumque
623 611 852 677 patrem,
893 607 1101 661 Geticis
1137 606 1231 676 qui
1266 606 1547 675 praesidet
1580 607 1740 675 arvis,
1848 623 1900 663 85

181 684 310 738 Rite
346 684 712 739 secundarent
747 684 897 737 visus
933 700 1203 753 omenque
1238 683 1495 736 levarent.

179 759 366 814 Tertia
401 760 502 814 sed
535 765 828 831 postquam
865 762 1070 815 maiore
1104 759 1323 813 hastilia
1356 759 1477 812 nisu

180 836 498 905 Adgredior
532 837 872 905 genibusque
911 836 1173 891 adversae
1207 834 1455 889 obluctor
1488 852 1755 889 arenae—

179 914 432 983 Eloquar,
470 932 540 967 an
577 914 763 967 sileam
782 914 1108 983 l—gemitus
1142 910 1493 966 lacrimabilis
1525 912 1635 966 imo

181 990 424 1045 Auditur
459 991 684 1058 tumu10,
721 994 780 1045 et
815 1008 916 1045 vox
955 987 1179 1044 reddita
1214 989 1393 1043 fertur
1425 987 1499 1041 ad
1533 989 1709 1043 auris:
1850 1003 1898 1043 ω

181 1066 326 1131 Quid
362 1068 632 1134 miserum,
671 1070 878 1133 Aenea,
915 1067 1155 1121 laceras?
1190 1066 1300 1119 iam
1335 1082 1499 1135 parce
1537 1065 1754 1133 sepulto
1768 1087 1785 1131 ;

181 1142 352 1197 Parce
387 1144 505 1211 pias
541 1142 810 1197 scelerare
846 1160 1053 1197 manus.
1133 1142 1259 1196 Non
1292 1158 1382 1195 me
1418 1141 1521 1196 tibi
1558 1141 1721 1195 Troia

180 1219 481 1273 Externum
518 1220 661 1285 tulit,
699 1224 796 1273 aut
831 1236 992 1273 eruor
1027 1220 1117 1274 hic
1154 1220 1224 1273 de
1259 1219 1445 1287 stipite
1478 1220 1681 1272 manat.

181 1296 338 1349 Heu!
378 1297 505 1363 fuge
540 1297 777 1351 crudelis
812 1300 1001 1364 terras,
1037 1296 1166 1365 fuge
1200 1296 1332 1349 litus
1366 1310 1603 1348 avarum.

180 1372 324 1425 Nam
363 1372 662 1440 Polydorus
701 1390 816 1442 ego.
895 1373 1002 1426 Hie
1037 1373 1307 1426 confixum
1345 1372 1521 1424 ferrea
1557 1369 1703 1424 texit
1846 1385 1894 1423 45

181 1449 432 1502 Telorum
469 1466 624 1517 seges
663 1454 721 1503 et
753 1449 942 1503 iaculis
978 1449 1209 1503 increvit
1246 1448 1431 1501 acutis.

249 1524 384 1578 Tum
420 1542 550 1579 vero
587 1526 808 1593 ancipiti
845 1528 1089 1579 mentem
1127 1523 1418 1577 formidine
1452 1539 1673 1591 pressus

181 1599 447 1671 Obstipui,
485 1605 868 1672 steteruntque
907 1619 1093 1655 comae
1129 1606 1188 1655 et
1222 1617 1327 1655 vox
1363 1599 1610 1654 faucibus
1642 1599 1840 1653 haesit.

181 1677 343 1731 Hunc
383 1677 707 1746 Polydorum
745 1678 864 1732 auri
902 1679 1178 1749 quondam
1214 1695 1336 1732 cum
1372 1676 1612 1746 pondere
1647 1691 1851 1743 magno

181 1753 379 1807 Infelix
417 1754 665 1808 Priamus
699 1755 889 1810 furtim
925 1755 1216 1810 mandarat
1250 1754 1503 1808 alendum
1846 1767 1899 1806 ω

180 1829 427 1884 Threicio
463 1833 595 1900 regi,
632 1849 754 1886 cum
787 1832 896 1886 iam
933 1831 1214 1886 diffideret
1248 1825 1413 1884 arinis

180 1906 490 1962 Dardaniae
524 1909 779 1978 cingique
815 1909 1008 1964 urbem
1045 1909 1327 1963 obsidione
1362 1906 1591 1960 videret.

181 1983 300 2050 Ille,
335 1989 398 2038 ut
433 2001 565 2054 opes
599 1985 806 2040 fractae
845 1985 1124 2053 Teucrum,
1160 1989 1219 2038 et
1256 1985 1499 2037 Fortuna
1532 1983 1774 2050 recessit,

183 2059 293 2112 Res
331 2063 791 2128 Agamemnonias
826 2063 1175 2130 victriciaque
1210 2077 1361 2114 arma
1396 2063 1627 2126 secutus,

181 2135 290 2188 Fas
313 2152 472 2190 omne
494 2137 798 2207 abrumpit;
824 2138 1152 2206 Polydorum
1176 2137 1479 2203 obtruncat,
1504 2138 1564 2189 et
1586 2150 1717 2188 auro
1846 2149 1899 2190 55

182 2212 253 2265 Vi
288 2213 512 2280 potitur.
584 2213 729 2278 Quid
764 2231 871 2267 non
906 2215 1159 2268 mortalia
1192 2217 1416 2282 pectora
1450 2211 1611 2280 cogis,

183 2288 321 2341 Auri
359 2305 513 2342 saera
547 2291 751 2346 fames‘i
829 2291 1129 2360 Postquam
1166 2306 1335 2358 pavor
1368 2305 1491 2342 ossa
1524 2287 1766 2356 reliquit,

180 2364 433 2419 Delectos
468 2366 653 2434 populi
689 2367 761 2420 ad
795 2384 1050 2436 proceres
1085 2367 1429 2436 primumque
1463 2370 1751 2432 parentem

181 2441 430 2495 Monstra
465 2441 628 2496 deum
664 2443 854 2508 refer0‚
891 2448 962 2511 et,
999 2460 1141 2514 quae
1176 2443 1248 2496 sit
1284 2440 1568 2506 sententia,
1604 2455 1786 2508 poseo,

181 2516 444 2600 Omigibus
479 2518 625 2572 idem
663 2519 890 2586 animus,
927 2521 1195 2573 scelerata
1230 2517 1499 2572 excedere
1533 2525 1701 2582 terra,
1846 2533 1897 2572 oo

181 2593 376 2663 Linqui
412 2595 681 2663 pollutum
719 2595 1030 2666 hospitium,
1069 2599 1128 2650 et
1166 2595 1297 2648 dare
1334 2591 1597 2646 elassibus
1632 2593 1873 2648 austros

180 2668 326 2736 Ergo
360 2671 726 2725 instauramus
765 2672 1034 2740 Polydoro
1071 2673 1261 2726 funus:
1299 2675 1357 2724 et
1391 2669 1581 2736 ingens

181 2746 484 2809 Agger-itur
517 2747 727 2800 tumulo
763 2749 960 2814 tellus;
997 2751 1146 2802 stant
1184 2745 1439 2800 Manibus
1474 2760 1618 2811 arae,

181 2817 456 2888 Caeruleis
491 2825 732 2874 maestae
767 2824 920 2877 vlttis
954 2827 1184 2892 atraque
1220 2837 1489 2891 cupress0,

181 2889 256 2941 Et
288 2890 487 2942 circum
526 2893 730 2948 Iliades
766 2899 969 2952 crinem
1004 2899 1076 2953 de
1114 2915 1263 2952 more
1300 2897 1538 2960 solutae;
1845 2911 1895 2952 σε

183 2963 474 3047 Inferimus
509 2966 697 3031 tepido
733 2975 1043 3038 spumantia
1076 2973 1287 3042 cymbia
1321 2973 1462 3026 lacte

183 3036 466 3100 Sanguinis
502 3040 559 3089 et
594 3043 728 3094 sacri
763 3050 999 3114 pateraS,
1033 3050 1375 3117 animamque
1412 3045 1699 3116 sepulchro

183 3107 493 3180 Condimus,
529 3113 588 3164 et
621 3127 818 3186 magna
853 3136 1167 3192 supremum
1203 3140 1332 3179 voce
1365 3123 1582 3182 ciamus.
