2163 3401
755 101 906 149 AEN
912 99 1120 148 EIDOS
1153 98 1294 149 LIB.
1333 98 1496 148 VIM.
1860 99 1953 151 237

255 185 488 253 Accepit
524 184 740 237 solitam
777 183 1066 249 flammam,
1103 184 1381 251 notusque
1415 182 1682 238 medullas
1737 176 1744 183 ’

250 262 495 315 Intravit
528 260 689 326 calor,
727 264 785 313 et
820 259 1092 313 labefacta
1124 276 1226 327 per
1261 272 1384 313 ossa
1421 261 1686 316 cucurrit:
1887 270 1962 315 8⁹⁰

248 339 378 392 Non
415 354 571 391 secus
606 340 775 407 atque
810 337 955 403 olim,
993 336 1204 390 tonitru
1239 353 1362 390 cum
1401 342 1566 405 rupta
1599 353 1821 392 corusco

251 417 429 485 Ignea
463 415 603 469 rima
638 416 844 468 micans
879 414 1154 483 percurrit
1190 414 1394 467 lumine
1431 415 1657 469 nimbos,

250 493 440 546 Sensit
475 492 621 545 laeta
658 491 799 544 dolis
834 496 894 544 et
928 492 1135 544 formae
1173 491 1386 544 conscia
1421 492 1667 545 coniunx,

250 570 392 622 Tum
428 573 589 637 pater
622 570 848 621 aeterno
884 567 1034 620 fatur
1070 568 1356 621 devinctus
1393 584 1603 624 amore:

252 645 401 708 Quid
437 661 657 698 caussas
692 643 837 713 petis
873 660 941 697 ex
979 643 1128 697 alto?
1171 642 1372 697 fiducia
1407 646 1572 699 cessit
1889 658 1962 698 aas

251 722 377 786 Quo
409 720 528 789 tibi,
566 722 709 789 diva,
745 720 889 775 mei?
963 720 1166 774 Similis
1203 720 1248 774 si
1285 738 1414 775 cura
1448 722 1659 789 fuisset,

252 796 393 851 'l‘um
428 814 646 866 quoque
678 798 762 851 fas
799 796 955 850 nobis
995 796 1232 851 Teucros
1268 814 1481 852 armare
1516 799 1740 864 fuisset3

250 874 303 927 N
309 891 375 928 ec
412 874 580 927 Pater
616 874 961 941 omnipotens
997 873 1215 927 Troiam
1254 890 1354 927 nee
1389 873 1504 927 fata
1538 874 1800 928 vetabant

252 949 417 1003 Stare
452 948 755 1018 decemque
790 950 927 1003 alios
964 949 1241 1003 Priamum
1280 967 1566 1019 superesse
1601 968 1700 1019 per
1735 966 1917 1003 annos.
2027 967 2032 978 ·

251 1027 329 1080 Et
354 1043 512 1093 nunc,
537 1026 584 1079 si
607 1026 813 1080 bellare
834 1043 997 1095 paras
1021 1030 1192 1095 atque
1217 1027 1352 1080 haec
1376 1026 1479 1081 tibi
1503 1044 1658 1082 mens
1681 1031 1783 1093 est,
1888 1040 1962 1080 400

253 1102 539 1172 Quidquid
574 1102 631 1157 in
666 1106 788 1156 arte
824 1119 947 1157 mea
981 1120 1201 1171 possum
1239 1105 1564 1171 promittere
1600 1120 1777 1170 curae,

252 1178 418 1242 Quod
447 1178 573 1233 fieri
607 1178 752 1231 ferro
787 1179 1063 1247 liquidove
1101 1183 1289 1247 potest
1325 1180 1542 1248 electro,

254 1254 534 1319 Quantum
571 1255 723 1322 ignes
760 1255 1086 1324 animaeque
1122 1256 1318 1323 valent,
1355 1256 1562 1311 absiste
1597 1257 1876 1327 precando

252 1330 487 1385 Viribus
524 1330 839 1385 indubitare
879 1332 1003 1386 tuis,
1083 1332 1165 1386 Ea
1198 1332 1366 1386 verba
1400 1334 1614 1387 locutus

252 1406 494 1477 Optatos
530 1407 688 1462 dedit
724 1407 1023 1477 amplexus,
1060 1408 1448 1477 placidumque
1484 1409 1686 1477 petivit
1889 1421 1962 1462 405

250 1482 518 1551 Coniugis
551 1484 765 1537 infusus
798 1484 1007 1551 gremio
1042 1501 1145 1553 per
1180 1484 1427 1537 membra
1461 1502 1724 1552 soporem.

324 1560 470 1613 Inde
505 1558 597 1612 ubi
636 1560 813 1627 prima
850 1559 1009 1628 quies
1043 1561 1227 1614 medio
1263 1561 1372 1613 iam
1409 1562 1582 1614 noctis
1614 1559 1842 1614 abactae

251 1635 541 1691 Curriculo
576 1635 864 1704 expulerat
898 1652 1162 1703 somnum,
1203 1652 1325 1689 eum
1360 1636 1561 1689 femina
1595 1635 1846 1705 primum,

251 1712 360 1766 Cui
396 1711 635 1764 tolerare
670 1712 788 1765 colo
823 1712 993 1765 vitam
1030 1715 1300 1781 tenuique
1337 1713 1586 1766 Minerva

252 1789 585 1858 Inpositum,
621 1789 859 1843 cinerem
897 1792 957 1842 et
995 1790 1201 1857 sopitos
1240 1791 1468 1844 suscitat
1505 1791 1661 1858 ignia,
1889 1803 1962 1844 410

252 1865 491 1918 Noctem
527 1864 737 1918 addens
773 1866 940 1933 operi,
980 1865 1318 1934 famulasque
1355 1865 1428 1919 ad
1464 1867 1672 1920 lumina
1705 1866 1868 1935 longo

252 1941 497 1994 Exercet
530 1957 716 2008 pensO,
752 1945 963 1995 castum
1000 1944 1065 1994 ut
1102 1958 1320 1996 servare
1355 1943 1533 1998 cubile

253 2016 517 2084 Coniugis
552 2020 609 2070 et
644 2017 821 2085 possit
856 2034 1052 2086 parvos
1090 2017 1326 2073 educere
1363 2025 1548 2076 natos:

253 2093 428 2147 Haud
466 2109 619 2146 secus
658 2093 979 2162 Ignipotens
1015 2111 1117 2148 nec
1153 2098 1401 2162 tempore
1439 2096 1659 2163 segnior
1692 2095 1787 2149 illo

251 2169 517 2223 Mollibus
553 2186 584 2222 e
620 2169 811 2222 stratis
848 2186 1017 2239 opera
1054 2170 1128 2223 ad
1163 2170 1378 2224 fabrilia
1415 2172 1604 2238 surgit.
1890 2184 1964 2224 41⁵

252 2244 447 2299 Insula
484 2245 754 2299 Sicanium
790 2246 947 2300 iuxta
981 2247 1128 2300 latus
1168 2247 1530 2314 Aeoliamque
1869 2239 1878 2246 '

253 2322 506 2388 Erigitur
542 2321 791 2391 Liparen,
828 2322 1168 2376 fumantibus
1204 2323 1380 2376 ardua
1415 2323 1576 2389 saxiS‚

254 2397 433 2463 Quam
472 2396 663 2450 subter
698 2415 891 2466 specus
926 2403 985 2452 et
1022 2399 1314 2467 Cyelopum
1352 2415 1518 2454 exesa
1552 2399 1775 2454 caminis

254 2477 443 2527 Anti-a
481 2475 731 2529 Aetnaea
766 2478 975 2542 tonant,
1012 2475 1290 2543 validique
1325 2476 1613 2530 incudibus
1649 2476 1790 2529 ictus

256 2549 459 2603 Auditi
496 2549 746 2604 referunt
780 2551 1063 2618 gemitum,
1100 2551 1454 2620 striduntque
1491 2552 1736 2606 cavernis
1889 2564 1966 2604 420

256 2625 567 2679 Stricturae
602 2626 922 2694 Chalybum,
961 2631 1020 2681 et
1055 2626 1362 2680 fornacibus
1397 2627 1539 2695 ignis
1573 2625 1810 2694 anhelat,

254 2699 490 2756 Volcani
526 2701 735 2769 domus,
774 2707 832 2756 et
870 2703 1135 2757 Volcania
1171 2703 1389 2756 nomine
1425 2704 1603 2758 tellus.

257 2777 383 2831 Hoc
418 2782 552 2832 tunc
580 2777 911 2852 *Ignipotens
946 2778 1096 2833 caelo
1132 2779 1420 2834 descendit
1455 2779 1525 2834 ab
1561 2779 1688 2834 alto,

256 2851 495 2907 Ferrum
531 2855 862 2918 exercebant
896 2860 1052 2910 vasto
1091 2856 1352 2925 Cyclopes
1387 2857 1443 2909 in
1478 2859 1652 2923 anti-0,

256 2929 609 3000 Brontesque
646 2931 1027 3000 Steropesque
1053 2936 1113 2986 et
1148 2933 1328 2986 nudus
1364 2933 1611 2986 membra
1647 2933 1963 3000 Pyracmon.

258 3004 368 3059 His
401 3006 758 3060 informatum
796 3007 1049 3061 manibus
1084 3007 1194 3062 iam
1230 3015 1392 3076 parte
1426 3008 1596 3075 polita
1893 3021 1967 3060 426

258 3080 493 3136 Fulmen
528 3085 665 3150 erat,
700 3086 821 3138 toto
859 3083 1090 3136 Genitor
1125 3098 1266 3150 quae
1301 3082 1537 3150 plurima
1571 3082 1722 3136 eaelo

258 3157 467 3213 Deiicit
502 3157 559 3211 in
596 3159 791 3223 terras,
826 3171 957 3224 pars
990 3156 1292 3224 inperfecta
1325 3156 1597 3212 manebat.

1873 1995 1905 2014 Q
