2163 3401
775 109 1149 158 AENEIDOS
1182 110 1323 159 LIB.
1359 110 1460 161 XI.
1492 154 1497 157 .
1873 118 1961 165 311

249 190 522 245 Succedat
557 204 775 258 pugnae
813 188 1183 257 Troianosque
1218 194 1405 245 arceat
1438 191 1590 246 urbe.

249 267 274 319 I
281 283 482 334 amque
518 265 656 319 vale.
728 263 898 317 Simul
934 264 1019 317 his
1056 265 1223 320 dictis
1256 266 1541 335 linquebat
1574 268 1829 339 habenas,

249 342 344 395 Ad
381 346 591 395 terram
627 357 735 393 non
772 344 966 408 sponte
1002 341 1190 395 fluens,
1265 342 1401 395 Tum
1438 343 1642 411 frigida
1676 348 1798 398 toto

249 418 524 471 Paulatim
561 416 796 471 exsolvit
835 433 894 469 se
929 433 1173 486 corpore,
1210 417 1472 486 lentaque
1509 419 1643 472 colla

250 494 322 548 Et
357 497 582 562 <raptum
620 494 730 546 leto
764 494 949 561 posuit
985 496 1166 561 caput,
1204 509 1358 547 arma
1393 494 1723 563 relinquens,
1888 511 1965 551 sao

251 571 494 638 Vitaque
531 586 652 623 cum
687 569 898 637 gemitu
933 569 1076 637 fugit
1112 568 1399 637 indignata
1434 570 1537 624 sub
1572 570 1807 626 umbras.

251 648 388 701 Tum
412 662 542 699 vero
577 645 856 698 inmensus
891 661 1121 713 surgens
1156 644 1287 699 ferit
1322 662 1489 701 aurea
1524 647 1727 701 clamor

254 722 476 787 Sidera3
514 721 729 775 deiecta
763 721 1036 774 crudescit
1071 738 1255 789 pugna
1293 722 1553 789 Camilla3

260 800 554 851 Incurrunt
590 797 749 850 densi
785 796 947 850 simul
983 798 1159 851 omnis
1196 798 1353 866 copia
1388 799 1657 853 Teucrum

253 874 630 942 Tyrrhenique
667 872 836 927 duces
874 873 1229 943 Euandrique
1267 874 1517 931 Arcades
1552 876 1685 929 alae.
1896 891 1970 929 835

323 951 407 1003 At
444 949 658 1003 Triviae
694 952 878 1003 custos
913 949 1235 1003 iamdudum
1272 950 1329 1003 in
1365 950 1643 1004 montibus
1680 950 1817 1019 Opis

253 1026 391 1080 Alta
427 1025 586 1079 sedet
621 1025 861 1092 summiS,
900 1028 1223 1093 spectatque
1258 1026 1513 1080 interrita
1547 1044 1775 1096 pugnas.

253 1102 444 1171 thue
478 1102 667 1170 procul
703 1101 886 1155 medio
920 1101 1179 1155 iuvenum
1214 1102 1271 1155 in
1306 1102 1543 1156 clamore
1577 1102 1859 1158 furentum

255 1176 548 1246 Prospexit
581 1177 730 1231 tristi
766 1176 1056 1230 multatam
1094 1182 1272 1231 morte
1311 1178 1611 1247 Camillam,

257 1253 646 1322 Ingemuitque
681 1253 948 1321 deditque
969 1252 1083 1306 has
1118 1246 1245 1307 imo*
1262 1258 1490 1323 pectore
1525 1272 1717 1311 voces:
1895 1270 1970 1309 840

257 1332 386 1384 Heu
420 1330 662 1395 nimium,
699 1331 868 1397 virge,
905 1330 1133 1383 nimium
1170 1330 1391 1384 crudele
1427 1332 1579 1386 luisti

256 1407 608 1476 Supplicium,
645 1407 882 1460 Teucros
919 1409 1113 1459 conata
1149 1407 1415 1461 lacessere
1451 1407 1595 1461 bello
1620 1412 1631 1463 Ξ

259 1481 371 1537 Nec
407 1481 514 1535 tibi
548 1482 803 1536 desertae
837 1482 893 1535 in
931 1482 1113 1535 dumis
1150 1482 1379 1535 coluisse
1417 1483 1649 1537 Dianam

257 1557 487 1626 Profuit,
523 1562 621 1613 aut
654 1562 872 1612 nostras
907 1558 1139 1612 humero
1173 1557 1408 1625 gessisse
1446 1559 1689 1626 sagittas.

254 1634 378 1688 Non
415 1638 599 1688 tamen
635 1635 948 1689 indecorem
982 1637 1081 1687 tua
1116 1638 1175 1688 te
1208 1633 1401 1702 regina
1436 1634 1660 1704 reliquit
1896 1650 1969 1689 845

255 1709 522 1766 Extrema
555 1712 662 1764 iam
697 1712 754 1765 in
789 1715 999 1776 morte3
1037 1727 1217 1780 neque
1253 1711 1355 1764 hoc
1390 1711 1509 1764 sine
1542 1711 1761 1764 nomine
1794 1711 1969 1766 letum

257 1789 365 1841 Per
400 1788 582 1855 gentis
616 1787 740 1854 erit,
779 1791 878 1841 aut
912 1788 1114 1840 famam
1151 1787 1380 1855 patieris
1416 1787 1639 1842 inultae.

255 1863 400 1917 Nam
436 1864 780 1932 quicumque
805 1867 964 1916 tuum
999 1863 1225 1918 violavit
1260 1862 1481 1918 volnere
1518 1881 1725 1933 corpuS,

255 1939 440 1993 Morte
475 1939 593 1994 luet
629 1941 839 1994 merita.
918 1939 1049 1993 Fuit
1086 1939 1279 2008 ingens
1296 1965 1301 1992 .·
1316 1945 1503 1998 monte
1541 1942 1641 1996 sub
1676 1942 1788 1996 alto

257 2015 426 2083 Regis
463 2017 736 2070 Dercenni
772 2021 994 2070 terreno
1028 2032 1099 2068 ex
1134 2033 1335 2084 aggere
1372 2017 1594 2072 bustum
1894 2033 1970 2074 86⁰

258 2093 493 2160 Antiqui
528 2093 834 2158 Laurentis,
872 2108 1155 2161 opacaque
1190 2092 1313 2146 ilice
1348 2096 1592 2158 tectum3

259 2167 366 2222 Hic
403 2169 508 2222 dea
544 2185 603 2222 se
636 2170 874 2237 primum
911 2168 1107 2238 rapido
1142 2167 1510 2237 pulcherrima
1545 2170 1669 2223 nisu

257 2244 416 2298 Sistit
452 2247 511 2298 et
547 2247 850 2299 Arruntem
887 2243 1099 2298 tumulo
1136 2242 1447 2310 speculatur
1482 2242 1553 2297 ab
1589 2244 1714 2297 alto.

259 2320 337 2374 Ut
372 2320 514 2373 vidit
547 2320 850 2388 fulgentem
886 2320 1052 2373 armis
1089 2335 1153 2372 ac
1188 2335 1327 2372 vana
1364 2322 1697 2383 tumentem3

259 2395 384 2462 Cur,
421 2395 616 2463 inquit,
655 2396 903 2450 diversus
937 2394 1100 2450 abis?
1136 2394 1243 2448 huc
1278 2395 1455 2462 dirige
1489 2411 1751 2463 gressum,
1896 2409 1969 2448 85⁵

262 2471 386 2525 lluc
420 2471 666 2540 periture
700 2473 838 2538 veni,
875 2471 1058 2540 capias
1093 2473 1158 2524 ut
1194 2469 1362 2538 digna
1398 2470 1657 2524 Camillae

260 2547 525 2602 Praemia.
596 2547 748 2601 Tune
783 2548 950 2601 etiam
987 2547 1117 2601 telis
1152 2547 1386 2599 moriere
1423 2546 1673 2599 Dianae?

258 2622 430 2689 Dixit,
467 2626 525 2675 et
559 2625 752 2676 aurata
785 2623 1060 2676 volucrem
1099 2621 1357 2676 Threissa
1388 2621 1643 2688 sagittam

259 2697 616 2767 Deprompsit
647 2698 922 2766 pharetra,
959 2713 1236 2766 cornuque
1271 2697 1482 2750 infensa
1515 2694 1769 2761 tetendit,

259 2773 332 2827 Et
369 2773 531 2826 duxit
566 2774 742 2842 longe,
781 2774 955 2828 donec
991 2776 1217 2827 curvata
1252 2772 1463 2826 coirent
1894 2784 1967 2823 sco

257 2849 417 2903 Inter
451 2865 513 2903 se
548 2850 742 2918 capita,
779 2852 838 2904 et
872 2850 1125 2904 manibus
1160 2848 1269 2901 iam
1305 2849 1562 2915 tangeret
1600 2847 1803 2915 aequis,

258 2923 442 2978 Laeva
476 2924 648 2978 aciem
684 2924 830 2991 ferri,
869 2925 1068 2978 dextra
1102 2939 1379 2992 nervoque
1414 2923 1689 2992 papillam.

257 3000 552 3068 Extemplo
587 2999 684 3053 teli
721 2999 1016 3054 stridorem
1053 3015 1323 3067 aurasque
1361 2999 1604 3053 sonantis

257 3074 460 3128 Audiit
494 3092 606 3129 una
642 3077 874 3142 ArrunS,
909 3075 1198 3143 haesitque
1233 3075 1288 3127 in
1326 3091 1553 3144 corpore
1588 3077 1815 3130 ferrum.

258 3151 429 3208 Illum
452 3151 822 3222 exspirantem
849 3152 979 3206 socii
1003 3156 1173 3220 atque
1196 3154 1447 3206 extrema
1467 3155 1777 3220 gementem
1890 3163 1963 3202 885

2036 3249 2131 3380 ..¹
