2163 3401
768 113 1187 166 GEORGIGON
1224 116 1363 167 LIB.
1403 117 1449 168 Ι.
1905 118 1971 164 33

253 197 430 263 Quam
467 195 659 252 Cereri
692 199 842 251 torta
876 197 1167 250 redimitus
1202 199 1451 266 tempora
1486 191 1695 266 quercu

241 273 363 347 ,Det
399 277 580 328 motus
614 275 978 342 inconpositos
1015 276 1074 327 et
1113 275 1355 327 carmina
1389 274 1549 328 dicat.
1896 285 1973 328 8⁵⁰

273 369 278 374 ’
320 353 512 420 Atque
548 350 681 403 haec
717 355 780 403 ut
816 351 980 404 certis
1016 367 1299 420 possemus
1336 351 1548 405 discere
1584 351 1762 418 signis,

249 428 582 494 Aestusque,
620 427 958 496 pluviasque,
1000 430 1062 481 et
1096 428 1310 496 agentis
1346 427 1551 494 fnigora
1583 430 1791 496 ventos,

248 503 380 572 Ipse
421 503 588 557 Pater
625 504 835 570 statuit,
876 503 1010 571 quid
1044 508 1329 557 menstrua
1366 503 1520 557 Luna
1554 508 1831 570 moneret;

248 579 367 644 Quo
403 581 558 648 signo
595 579 856 632 caderent
894 581 1093 645 austri3
1145 580 1278 648 quid
1314 597 1477 649 saepe
1513 581 1763 636 videntes

247 657 539 724 Agricolae
577 657 800 725 propius
843 656 1070 710 stabulis
1108 661 1357 710 armenta
1390 661 1661 714 tenerent.
1895 673 1969 714 366

247 732 530 796 Contin110‚
567 733 744 786 ventis
783 733 1146 800 surgentibus,
1185 737 1283 786 aut
1318 733 1461 788 freta
1496 737 1647 804 ponti

249 808 523 877 Incipiunt
562 810 770 876 agitata
807 811 1113 863 tmnescere
1152 813 1211 863 et
1246 810 1431 863 aridus
1466 811 1591 864 altis

247 883 532 938 Montibus
571 884 748 942 audiri
787 885 984 952 fragor,
1025 888 1124 938 aut
1158 887 1471 940 resonantia
1506 887 1665 955 longe

246 959 434 1014 Litora
473 961 686 1014 misceri
729 963 787 1014 et
821 977 1105 1014 nemorum
1142 961 1517 1016 increbescere
1552 979 1813 1018 murmur.

247 1037 365 1090 Iam
405 1037 506 1091 sibi
543 1041 663 1091 tum
703 1038 881 1092 curvis
917 1037 1060 1090 male
1097 1042 1372 1106 temperat
1405 1039 1556 1092 unda
1588 1040 1799 1107 earinis,
1891 1052 1966 1092 seo

245 1113 382 1167 Cum
420 1113 601 1167 medio
639 1113 846 1167 celeres
883 1114 1131 1167 revolant
1167 1131 1234 1167 ex
1272 1131 1513 1184 aequore
1547 1117 1721 1183 mergi

245 1189 661 1258 Clamoremque
697 1189 882 1244 ferunt
919 1189 992 1243 ad
1029 1189 1206 1257 litora,
1246 1207 1481 1260 cumque
1514 1193 1755 1246 marinae

247 1266 315 1319 In
351 1266 488 1318 sicco
526 1265 726 1318 ludunt
760 1265 970 1333 fulicae,
1006 1269 1274 1335 notasque
1310 1267 1525 1336 paludis

245 1341 464 1394 Deserit
503 1345 670 1409 atque
707 1342 874 1394 altam
911 1357 1076 1408 supra
1112 1343 1260 1396 volat
1295 1343 1463 1397 ardea
1498 1345 1712 1399 nubem.

245 1418 421 1484 Saepe
460 1417 624 1469 etiam
663 1417 864 1483 stellas,
901 1421 1066 1470 vento
1100 1419 1451 1487 inpendente,
1487 1420 1697 1474 videbis
1888 1435 1962 1475 aas

247 1492 567 1560 Praecipitis
610 1491 758 1544 caelo
795 1491 920 1559 labi,
955 1494 1240 1560 noctisque
1277 1510 1374 1560 per
1411 1494 1658 1549 umbram

246 1568 616 1623 Flammarum
657 1567 846 1634 longos
889 1585 922 1620 a
957 1571 1114 1634 tergo
1152 1569 1429 1624 albescere
1464 1574 1700 1637 tractus;

244 1645 420 1715 Saepe
458 1643 634 1696 levem
671 1642 883 1713 paleam
920 1646 978 1697 et
1014 1644 1235 1698 frondes
1274 1647 1499 1700 volitare
1535 1647 1779 1717 caducas,

246 1725 364 1775 Aut
401 1738 612 1776 summa
649 1720 828 1774 nantis
864 1721 917 1773 in
957 1738 1101 1789 aqua
1136 1723 1411 1778 colludere
1445 1724 1669 1793 plumas.

244 1800 326 1851 At
363 1798 573 1851 Boreae
611 1797 682 1850 de
717 1800 876 1866 parte
911 1799 1080 1851 trucis
1118 1816 1241 1852 cum
1274 1799 1541 1869 fulminat,
1578 1804 1635 1854 et
1668 1818 1791 1856 cum
1852 1816 1957 1859 ¹³70

241 1873 480 1941 Eurique
521 1872 862 1942 Zephyrique
899 1877 1056 1927 tonat
1095 1874 1313 1929 domus:
1362 1878 1542 1931 omnia
1574 1878 1749 1947 plenis

123 1998 131 2003 .
241 1948 394 2002 Rura
428 1953 621 2003 natant
656 1950 829 2017 fossiS,
869 1953 1036 2018 atquc
1072 1952 1245 2003 omnis
1278 1954 1462 2007 navita
1496 1957 1665 2023 ponto

240 2025 492 2079 Humida
523 2025 644 2079 vela
677 2025 824 2093 legit.
902 2026 1215 2095 Numquam
1252 2029 1670 2097 inprudentibus
1700 2029 1879 2085 imber

239 2101 460 2156 obfuit:
508 2105 604 2155 aut
638 2101 790 2154 illum
829 2106 1146 2169 surgentem
1182 2105 1412 2158 vallibus
1445 2106 1567 2159 imis

238 2178 440 2231 Aeriae
474 2178 666 2246 filgere
702 2194 882 2245 grues,
921 2182 1018 2231 aut
1052 2178 1249 2233 bucula
1285 2182 1493 2235 caelum
1880 2195 1954 2236 ³¹76

237 2252 544 2322 Suspiciens
580 2254 780 2323 patulis
820 2255 1062 2322 captavit
1098 2255 1318 2309 naribus
1354 2274 1529 2324 auraS,

238 2332 358 2383 Aut
393 2334 588 2398 arguta
621 2330 768 2383 lacus
809 2330 1260 2385 circumvolitavit
1294 2332 1542 2398 hirund0‚

237 2405 312 2459 Et
348 2410 590 2461 veterem
622 2407 680 2460 in
719 2407 845 2461 limo
883 2424 1050 2461 ranae
1085 2408 1330 2463 cecinere
1365 2410 1657 2477 querelam.

237 2481 464 2550 Saepius
497 2486 556 2535 et
589 2485 752 2537 tectis
788 2483 1162 2553 penetralibus
1197 2486 1398 2539 extulit
1433 2502 1534 2539 ova

237 2558 553 2625 Angustum
586 2559 811 2612 formica
849 2564 1038 2613 terens
1072 2561 1197 2631 iter,
1234 2566 1292 2615 et
1327 2562 1469 2615 bibit
1500 2563 1693 2629 ingens
1876 2577 1950 2617 330

236 2634 433 2701 Arcus,
469 2637 528 2687 ct
562 2650 595 2687 e
630 2638 791 2702 pastu
831 2634 1105 2689 decedens
1141 2638 1353 2705 agmine
1390 2652 1585 2704 magno

236 2710 536 2764 Corvorum
570 2710 841 2779 increpuit
879 2711 1060 2764 densis
1098 2713 1369 2766 exercitus
1404 2712 1515 2765 alis.

238 2784 357 2838 Iam
392 2787 568 2839 varias
603 2787 779 2856 pelagi
821 2788 1077 2857 volucres,
1118 2792 1177 2842 et
1215 2805 1354 2856 quae
1393 2790 1529 2842 Asia
1561 2789 1761 2843 circum

235 2861 500 2916 Dulcibus
534 2864 588 2918 in
627 2866 832 2933 stagnis
875 2867 1141 2919 rimantur
1175 2868 1337 2937 prata
1373 2865 1599 2935 Caystri,

236 2936 503 2993 Certatim
538 2942 716 3012 largos
752 2942 995 2997 humeris
1030 2943 1317 2997 infundere
1351 2960 1518 3010 rores,
1870 2956 1945 2995 sss

235 3013 394 3071 Nunc
428 3024 592 3089 caput
629 3020 906 3076 obiectare
939 3020 1112 3087 fretis,
1148 3037 1291 3074 nunc
1327 3036 1545 3074 currere
1578 3018 1633 3070 in
1668 3016 1860 3083 undas,

235 3090 308 3145 Et
343 3096 525 3149 studio
560 3097 828 3151 incassum
865 3096 1056 3149 videas
1088 3098 1295 3165 gestire
1329 3096 1558 3151 lavandi.

236 3168 373 3224 Tum
409 3172 594 3226 cornix
628 3173 792 3240 plena
824 3171 1062 3241 pluviam
1096 3176 1257 3227 vocat
1289 3172 1519 3241 inproba
1552 3186 1683 3225 voce
1770 3226 1779 3231 ,
