2163 3401
35 3275 144 3335 Q

180 78 274 127 274
641 78 700 125 Ρ.
739 77 1056 147 VERG1L1,
1078 77 1419 126 MARONIS·

179 155 512 226 Respiciunt,
550 160 840 227 totumque
874 156 1058 211 adlabi
1094 156 1359 211 classibus
1390 171 1616 227 aequor.

177 232 360 287 Ardet
392 249 533 301 apex
569 232 750 301 apin,
787 233 1080 302 cristisque
1116 249 1150 286 a
1185 233 1389 287 vertice
1424 234 1645 289 flamma
1815 253 1891 292 m

177 308 466 376 Funditur,
501 312 560 362 et
595 311 778 361 vastos
815 308 982 361 umbo
1015 308 1191 363 vomit
1224 325 1425 363 aureus
1460 310 1633 378 ignis·

177 384 224 437 N
229 401 298 437 on
335 400 501 448 secus
537 401 600 437 ac
635 384 727 451 liq
720 383 844 436 uda
879 385 924 436 si
961 384 1181 453 quando
1214 389 1374 439 nocte
1408 390 1657 441 cometae

173 460 468 529 Sanguinei
504 458 736 527 lug-ubre
772 458 985 527 rubent,
1021 464 1121 515 aut
1156 460 1329 515 Sirius
1362 461 1544 529 ardor,

175 537 280 591 Ille
313 536 462 590 sitim
497 534 828 604 morbosque
860 535 1044 590 ferens
1078 536 1404 590 mortalibus
1436 538 1645 606 aegris,

172 611 430 667 Nascitur
463 614 522 665 ct
555 611 710 665 laevo
745 610 1036 665 contristat
1070 612 1275 666 lumine
1310 613 1535 667 caelum.
1810 627 1897 669 εῖτ»

242 687 410 741 Haud
444 691 630 741 tamen
665 687 860 741 audaci
897 687 1078 741 Turno
1114 687 1315 742 fiducia
1348 689 1514 744 cessit

170 763 362 817 Litora
394 764 723 832 praecipere,
759 766 818 817 et
853 763 1123 818 venientis
1156 764 1362 832 pellere
1397 768 1557 819 terra.

168 839 355 909 [Ultro
390 839 598 893 animos
632 838 778 893 tollit
813 838 993 906 dictis,
1028 843 1199 908 atquc
1234 840 1481 909 increpat
1515 842 1663 897 ultro
1678 843 1721 915 ε]

171 915 332 981 Quod
367 915 511 969 votis
547 915 792 983 optastis,
829 915 1002 981 adest,
1039 915 1387 985 perfringere
1420 916 1634 972 dextra.

171 991 238 1045 In
273 991 524 1045 manibus
559 990 712 1045 Mars
745 992 878 1059 ipse,
915 991 1038 1045 viri.
1110 990 1273 1045 Nunc
1306 990 1559 1061 coniugis
1582 997 1707 1049 esto
1798 1010 1889 1051 seo

166 1067 411 1135 Quisque
447 1083 578 1120 suae
611 1067 857 1135 tectique
892 1083 1137 1132 memor;
1170 1084 1318 1121 nunc
1350 1080 1548 1137 magna
1581 1070 1793 1125 referto

169 1143 348 1209 Facta,
383 1146 603 1209 patrum
639 1142 844 1197 laudes.
916 1142 1078 1197 Ultro
1114 1158 1459 1197 occurramus
1490 1144 1564 1199 ad
1599 1146 1827 1215 undam,

168 1220 312 1273 Dum
347 1219 572 1288 trepidi,
611 1218 928 1287 egressique
961 1217 1151 1273 labant
1186 1219 1419 1287 vestigia
1452 1220 1651 1288 prima.

171 1295 443 1349 Audentis
480 1295 725 1349 Fortuna
758 1294 928 1349 iuvat.

175 1374 322 1427 Haec
357 1373 450 1439 ait,
488 1376 548 1426 et
582 1388 766 1425 secum
801 1374 998 1439 versat,
1037 1388 1175 1439 quos
1209 1371 1411 1427 ducere
1446 1378 1653 1443 contra,
1798 1388 1885 1429 285

170 1450 272 1503 Vel
309 1449 509 1519 quibus
543 1448 792 1502 obsessos
826 1446 1002 1515 possit
1035 1447 1365 1501 concredere
1399 1465 1597 1503 muros.

235 1526 458 1580 Interea
495 1526 710 1579 Aeneas
746 1524 918 1577 socios
951 1522 1024 1577 de
1058 1523 1333 1592 puppibus
1368 1524 1497 1579 altis

166 1601 434 1655 Pontibus
469 1601 711 1670 exponit.
783 1598 948 1653 Multi
985 1615 1204 1653 servare
1239 1616 1494 1654 recursus

164 1676 503 1746 Languentis
537 1675 732 1746 pelagi,
769 1679 830 1730 et
863 1674 1125 1730 brevibus
1160 1691 1221 1730 se
1253 1675 1480 1731 credere
1514 1677 1684 1744 saliam

165 1754 274 1807 Per
305 1770 486 1808 remos
521 1754 627 1807 alii.
699 1752 1022 1821 Speculatus
1056 1751 1219 1806 litora
1255 1752 1510 1818 Tarchon,
1790 1770 1869 1810 no

163 1829 284 1894 Qua
317 1830 458 1882 vada
493 1847 599 1882 non
639 1828 847 1897 spirant
883 1844 982 1882 nec
1016 1827 1191 1882 fracta
1226 1836 1595 1884 remurmurat
1626 1831 1794 1898 unda,

162 1904 272 1958 Sed
306 1921 459 1958 mare
493 1905 813 1957 inoffensum
849 1903 1116 1958 crescenti
1150 1903 1431 1958 adlabitur
1463 1911 1636 1973 aestu,

164 1979 428 2032 Advertit
463 1979 644 2033 subito
677 1995 884 2047 proras,
923 1980 1207 2048 sociosque
1240 1984 1526 2048 precatur:

162 2057 332 2119 Nunc,
366 2072 401 2108 o
435 2056 578 2109 lecta
610 2071 819 2122 manus,
855 2055 1052 2109 validis
1087 2055 1389 2110 incumbite
1422 2057 1620 2123 remis;

159 2133 369 2199 Tollite,
405 2132 548 2187 ferte
582 2136 761 2197 rates3
795 2130 1069 2185 inimicam
1107 2131 1303 2185 findite
1337 2133 1531 2188 rostris
1788 2151 1863 2190 aas

161 2210 318 2263 Hanc
353 2215 576 2277 terram,
612 2208 932 2276 sulcumque
967 2206 1070 2260 sibi
1107 2211 1323 2275 premat
1358 2208 1477 2276 ipsa
1510 2209 1715 2264 carina.

159 2285 436 2354 Frangere
471 2302 570 2339 nec
603 2284 703 2338 tali
736 2283 963 2353 puppim
999 2283 1238 2338 statione
1273 2300 1477 2352 recuso,

159 2363 402 2430 Arrepta
437 2361 635 2415 tellure
671 2360 858 2414 semel.
931 2358 1084 2423 Quae
1120 2359 1253 2413 talia
1288 2376 1579 2429 postquam

157 2438 368 2493 Effatus
404 2436 662 2501 Tarchon,
697 2435 828 2490 socii
861 2451 1191 2502 consurgere
1227 2437 1400 2490 tonsis

155 2511 582 2584 Spumantisque
617 2517 770 2566 rates
804 2511 948 2564 arvis
981 2510 1185 2566 inferre
1222 2511 1448 2578 Latinis,
1783 2529 1862 2570 sno

156 2590 340 2645 Donec
374 2594 555 2645 rostra
589 2592 780 2642 tenent
817 2588 1017 2641 siccum
1053 2591 1112 2641 et
1147 2587 1341 2641 sedere
1376 2588 1592 2644 carinae

155 2666 358 2720 Omnes
393 2666 669 2720 innocuae.
741 2663 852 2718 Sed
887 2679 994 2716 non
1028 2664 1230 2732 puppis
1263 2668 1377 2729 tua,
1416 2663 1675 2718 Tarchon.

151 2742 404 2810 Namque
437 2740 646 2794 inflicta
679 2739 836 2794 vadis
872 2739 1032 2793 dorso
1069 2739 1223 2812 dum*
1238 2740 1449 2808 pendet
1481 2740 1689 2810 iniquo,

151 2819 376 2882 Anceps
411 2819 720 2868 sustentata
755 2815 865 2882 diu,
903 2815 1210 2884 fluctusque
1242 2816 1457 2884 fatigat,

148 2888 404 2950 Solvitur,
437 2893 608 2952 atque
641 2889 786 2942 viroe
821 2890 1018 2942 mediis
1053 2891 1277 2958 exponit
1310 2891 1369 2944 in
1403 2891 1597 2958 undis;
1782 2908 1857 2949 ³oe

147 2958 195 3008 1«
199 2958 460 3022 mgmina..
463 2973 753 3014 remorum
790 2980 928 3030 quos
963 2967 1023 3017 et
1057 2965 1330 3020 fluitantia
1366 2971 1611 3022 transtra

147 3028 460 3094 Inpediunt,
496 3033 839 3102 retrahitque
875 3038 1072 3104 pedem
1112 3039 1272 3095 simul
1306 3041 1456 3096 unda
1490 3042 1761 3099 relabens.

215 3099 266 3149 N
269 3115 332 3149 cc
368 3101 608 3152 ''lm-num
645 3109 828 3172 segnis
864 3112 1069 3166 retinet
1106 3130 1285 3180 mora3
1320 3118 1422 3172 sed
1456 3119 1605 3188 rapit
1636 3136 1769 3176 acer
