2163 3401
769 68 924 115 AEN
929 68 1139 117 EIDOS
1172 67 1308 117 LIB.
1348 67 1425 117 ΙΙ.
1857 68 1953 117 103

240 150 618 217 Desertosque
654 148 846 201 videre
880 148 1028 201 locos
1062 148 1304 216 litusque
1338 148 1605 203 relictum.

240 226 351 280 Hic
390 226 658 293 Dolopum
695 241 904 289 manus,
941 223 1029 276 hic
1065 240 1257 277 saevus
1293 223 1562 278 tendebat
1600 224 1871 291 Achillesg

241 301 522 355 Classibus
558 301 646 355 hic
681 300 862 364 locus;
901 298 990 353 hic
1025 300 1139 353 acie
1176 306 1389 354 certare
1428 301 1690 354 solebant.
1902 315 1951 355 so

241 377 378 433 Pars
415 380 606 446 stupet
641 378 908 445 innuptae
947 376 1150 429 donum
1188 377 1409 430 exitiale
1448 377 1727 430 Minervae

238 452 313 507 Et
347 453 550 507 molem
586 448 856 506 mirantur
891 453 1049 519 equig
1087 452 1407 521 primusque
1443 452 1767 521 Thymoetes

239 529 381 583 Duci
415 530 562 583 intra
596 546 782 583 muros
817 529 1072 583 hortatur
1107 533 1167 582 et
1200 546 1325 583 arce
1362 528 1541 596 locari,

237 606 365 661 Sive
403 606 542 673 dolo,
582 622 680 659 seu
713 606 840 659 iam¹
861 606 1054 659 Troiae
1092 606 1169 658 sic
1204 605 1321 658 fata
1354 604 1622 659 ferebant.

241 686 320 736 At
359 682 550 751 Capys,
587 686 646 735 et
681 698 914 751 quorum
950 680 1146 735 melior
1183 683 1457 735 sententia
1490 681 1679 747 menti,
1898 698 1947 738 ³⁵

239 762 360 813 Aut
396 758 590 827 pelago
627 757 880 811 Danaum
916 757 1145 810 insidias
1184 762 1545 826 suspectaque
1582 758 1724 811 dona

238 834 610 904 Praecipitare
643 834 852 901 iubent,
891 833 1263 901 subiectisque
1298 850 1459 887 urere
1494 834 1734 901 flammis,

237 914 354 965 Aut
391 910 676 965 terebrare
711 926 870 965 cavas
906 910 1052 964 uteri
1090 913 1149 964 et
1184 914 1461 979 temptare
1495 910 1744 965 latebras.

236 986 517 1041 Scinditur
551 988 820 1041 incertum
859 987 1044 1041 studia
1077 988 1137 1039 in
1172 987 1445 1040 contraria
1481 988 1685 1055 volgua

305 1062 522 1117 Primus
557 1063 634 1116 ibi
671 1068 800 1117 ante
837 1064 1027 1131 omniS,
1063 1080 1267 1131 magna
1298 1064 1594 1117 comitante
1628 1066 1863 1130 caterva,
1898 1077 1947 1116 -10

234 1139 482 1193 Laocoon
520 1140 722 1193 ardens
757 1156 970 1193 summa
1006 1139 1252 1195 decurrit
1288 1138 1357 1192 ab
1392 1157 1531 1208 arce,

234 1216 310 1269 Et
342 1216 559 1285 procul:
603 1215 648 1268 O
687 1217 886 1284 miseri,
927 1234 1067 1285 quae
1104 1220 1262 1271 tanta
1296 1216 1521 1283 insania,
1556 1216 1735 1269 cives‘l

233 1291 476 1345 Creditis
512 1295 732 1345 avectos
768 1292 980 1347 hostis?
1023 1296 1121 1345 aut
1156 1292 1267 1353 ulla
1301 1292 1512 1361 putatis

233 1366 392 1421 Dona
426 1384 614 1422 carere
632 1368 791 1430 ‚dolis
830 1368 1115 1423 Danaum?
1159 1370 1237 1423 sic
1269 1372 1433 1423 notus
1472 1368 1699 1422 Ulixes?

231 1444 355 1497 Aut
392 1444 497 1497 hoc
532 1444 724 1498 inclusi
759 1445 909 1513 ligno
947 1445 1291 1499 occultantur
1328 1444 1541 1511 Achivi,
1896 1459 1947 1499 45

233 1522 354 1574 Aut
388 1520 524 1574 haec
559 1520 616 1573 in
651 1526 866 1575 nostros
901 1520 1175 1576 fabricata
1210 1525 1296 1575 est
1330 1520 1579 1573 machina
1612 1534 1797 1573 muros

233 1596 562 1665 Inspectum
598 1597 788 1651 domos
822 1600 1163 1667 venturaque
1200 1597 1437 1665 desuper
1474 1596 1612 1662 urbi,

232 1674 356 1727 Aut
392 1673 590 1742 aliquis
625 1673 764 1728 latet
799 1690 988 1740 error3
1028 1690 1170 1743 equo
1206 1690 1277 1728 ne
1313 1672 1537 1742 credite,
1577 1672 1788 1727 Teucri.

233 1748 522 1819 Quidquid
555 1749 616 1802 id
652 1755 753 1818 est,
789 1751 958 1804 timeo
997 1750 1213 1804 Danaos
1250 1757 1309 1804 et
1344 1750 1489 1804 dona
1523 1749 1765 1804 ferentis.

232 1825 323 1880 Sic
358 1826 508 1895 fatus
543 1827 738 1880 validis
772 1828 1054 1896 ingentem
1091 1828 1298 1881 viribus
1335 1827 1547 1882 hastam
1895 1841 1945 1882 50

232 1901 304 1954 In
339 1902 487 1956 latus
521 1902 688 1971 inque
724 1904 825 1957 feri
862 1920 1080 1957 curvam
1118 1904 1451 1972 conpagibus
1485 1904 1663 1958 alvum

231 1977 530 2033 Contorsit.
605 1975 772 2033 Stetit
807 1980 901 2032 illa
935 1983 1196 2050 tremens,
1233 1979 1505 2048 uteroque
1541 1994 1758 2034 recusso

232 2055 536 2108 Insonuere
573 2072 736 2110 cavae
771 2056 1153 2125 gemitumque
1189 2056 1398 2111 dedere
1433 2073 1711 2110 cavernae.

229 2131 322 2199 Et,
361 2132 408 2186 si
443 2131 560 2186 fata
597 2133 775 2199 deum,
813 2133 859 2186 si
894 2147 1050 2186 mens
1084 2150 1193 2191 non
1228 2133 1383 2186 laeva
1418 2133 1630 2200 fuisset,

229 2207 523 2277 Inpulerat
555 2209 706 2262 ferro
742 2209 1030 2277 Argolicas
1065 2210 1291 2264 foedare
1325 2208 1582 2276 latebraS,
1894 2223 1942 2263 ⁵5

229 2284 520 2354 Troiaque,
555 2301 700 2338 nunc
735 2290 928 2354 stareS,
967 2285 1284 2354 Priamique
1320 2301 1418 2338 arx
1454 2284 1581 2353 alta,
1618 2299 1883 2339 maneres.
1916 2295 1943 2311 ¹·

304 2361 460 2429 Ecce,
498 2375 692 2415 manus
725 2362 978 2416 iuvenem
1013 2363 1227 2416 interea
1260 2365 1389 2430 post
1422 2364 1581 2430 terga
1613 2360 1918 2414 revinctum

230 2437 496 2492 Pastores
532 2455 728 2506 magno
764 2438 838 2492 ad
871 2456 1058 2506 regem
1098 2439 1334 2492 clamore
1370 2437 1665 2492 trahebant

230 2513 606 2582 Dardanidae,
645 2515 741 2583 qui
777 2532 836 2569 se
871 2516 1119 2584 ignotum
1157 2515 1505 2568 venientibus
1540 2513 1703 2579 ultre,

230 2590 358 2643 Hoc
381 2589 561 2658 ipsum
584 2593 650 2644 ut
674 2592 917 2646 strueret
943 2593 1270 2660 Troiamque
1295 2591 1537 2659 aperiret
1564 2588 1802 2655 Achivis,
1896 2601 1945 2642 oo

231 2665 549 2734 Obtulerat‚
586 2667 764 2728 fidens
800 2668 979 2737 animi,
1015 2671 1181 2736 atque
1216 2667 1277 2720 in
1311 2670 1609 2734 utrumque
1644 2666 1885 2733 paratus,

233 2743 346 2796 Seu
381 2759 603 2798 versare
639 2743 809 2814 dolos,
847 2763 945 2799 seu
979 2749 1165 2798 certae
1202 2741 1523 2797 occumbere
1557 2740 1735 2794 morti.

232 2819 500 2888 Undique
532 2821 747 2876 visendi
783 2821 967 2876 studio
1003 2821 1235 2874 Troiana
1268 2819 1523 2872 iuventus

234 2895 579 2951 Circumfusa.
613 2899 740 2964 ruit,
779 2902 1105 2966 certantque
1139 2895 1389 2950 inludere
1423 2898 1594 2962 capto.

237 2973 448 3042 Accipe
470 2989 626 3034 „nunc
664 2974 916 3028 Danaum
951 2973 1193 3040 insidias,
1229 2975 1287 3025 et
1322 2971 1547 3024 crimine
1581 2969 1651 3021 ab
1684 2983 1793 3020 uno
1896 2983 1946 3021 es

235 3047 405 3105 Disce
441 3051 630 3106 omnis.

235 3123 498 3194 Namque
532 3131 599 3182 ut
633 3130 930 3195 conspectu
965 3126 1020 3178 in
1056 3123 1242 3176 medio
1276 3121 1544 3184 turbatus,
1578 3115 1816 3176 inermis,
