2163 3401
713 96 1083 147 AENEIDOS
1116 99 1251 147 LIB.
1290 100 1392 150 lX.
1825 106 1923 157 2⁵7

220 180 539 235 Conclamat
574 178 772 234 Nisus:
820 195 922 233 nec
957 195 1018 233 se
1053 179 1233 235 celare
1267 180 1517 235 tenebris
1848 200 1923 241 426

224 254 493 323 AmpliuS,
529 256 628 311 aut
663 256 880 307 tantum
916 253 1103 322 potuit
1136 255 1383 325 perferre
1420 257 1689 315 dolorem:
1862 266 1867 272 ⁴

221 331 328 398 Me,
367 346 472 397 me,
507 330 720 397 adsum,
755 330 851 397 qui
889 330 1010 397 feci,
1044 330 1101 383 in
1136 347 1226 385 me
1260 334 1563 390 convertite
1598 336 1822 405 ferrum,

219 407 266 459 O
307 406 529 460 Rutuli!
581 422 707 459 mea
741 406 892 458 fraus
927 406 1132 471 omnis;
1178 407 1313 461 nihil
1350 409 1457 462 iste
1474 426 1592 464 uec
1626 428 1807 481 ausus,

219 483 270 536 N
273 500 338 537 ec
373 482 588 552 potuit;
633 482 844 549 caelum
880 481 982 535 hoc
1017 486 1078 536 et
1112 484 1327 537 muscia
1360 484 1545 539 sidera
1578 490 1783 554 testor-3

218 559 456 612 Tantum
491 558 765 613 infelicem
800 558 1030 611 nimium
1066 558 1267 613 dilexit
1300 561 1550 616 amicum.
1850 579 1923 619 4³0

218 634 370 689 Talia
406 634 558 688 dieta
591 633 792 698 dabat3
841 634 942 689 sed
976 634 1187 689 viribus
1222 636 1369 691 ensis
1402 637 1633 693 adactus

217 709 532 764 Transabiit
566 712 744 763 costas
780 712 840 763 et
873 708 1108 763 eandida
1140 714 1367 779 pectora
1400 715 1622 783 rumpit.

225 786 478 840 Volvitur
513 785 780 853 Euryalus
815 785 944 851 leto,
980 785 1345 855 pulchrosque
1379 805 1483 858 per
1515 794 1669 845 artus

219 862 278 916 It
307 878 484 927 cruor,
521 861 687 929 inque
723 861 978 915 humeros
1012 862 1198 916 cervix
1232 863 1487 933 conlapsa
1522 866 1819 921 recumbit:

218 938 536 1007 Purpureus
572 936 744 991 veluti
777 954 906 991 cum
939 937 1040 991 flos
1076 938 1316 993 succisus
1351 944 1537 994 aratro
1849 958 1923 997 435

217 1013 552 1083 Languescit
584 1013 834 1077 moriens,
869 1013 1080 1067 lassove
1116 1030 1391 1083 papavera
1425 1016 1562 1070 collo

217 1090 506 1145 Demisere
541 1093 721 1158 caput,
759 1090 944 1159 pluvia
977 1106 1103 1143 cum
1137 1090 1283 1144 forte
1315 1097 1626 1158 gravantur,

217 1168 298 1221 At
335 1166 504 1219 Nisus
539 1166 655 1219 ruit
688 1165 746 1219 in
781 1165 1008 1232 medios,
1045 1165 1329 1235 solumque
1362 1184 1465 1237 per
1500 1172 1675 1225 omnis

216 1242 569 1297 Volscentem
605 1242 778 1311 petit;
823 1247 882 1295 in
917 1242 1034 1295 solo
1074 1240 1371 1298 Volseente
1404 1250 1663 1301 moratur·

216 1319 394 1383 Quem
442 1318 643 1372 circum
689 1318 980 1386 glomerati
1027 1318 1215 1376 hostes
1259 1318 1383 1375 hinc
1416 1323 1719 1378 comminus
1754 1332 1923 1393 atque

354 1394 483 1449 hine
1848 1414 1923 1453 440

217 1469 571 1524 Proturbant.
648 1470 832 1525 Instat
864 1485 972 1523 non
1008 1468 1196 1535 setius,
1234 1485 1297 1523 ac
1331 1474 1483 1524 rotat
1514 1488 1700 1527 ensem

215 1545 584 1613 Fulmineum,
620 1546 796 1599 donec
835 1544 1026 1600 Rutuli
1064 1544 1354 1599 clamantis
1389 1545 1445 1599 in
1480 1562 1577 1599 ore

216 1621 484 1676 Condidit
517 1622 763 1688 adverso,
799 1625 858 1676 et
893 1620 1131 1675 moriens
1167 1619 1404 1675 animam
1439 1620 1667 1677 abstulit
1702 1625 1864 1681 hosti.

215 1698 353 1752 Tum
393 1715 558 1767 super
592 1696 901 1751 exanimum
939 1713 1061 1751 sese
1096 1696 1330 1766 proiecit
1365 1697 1599 1760 amicum

216 1775 526 1840 Confessus,
562 1773 886 1843 placidaque
919 1772 998 1826 ibi
1035 1773 1261 1826 demum
1295 1777 1473 1830 morte
1508 1777 1731 1844 quievit.
1850 1793 1924 1833 445

286 1851 578 1904 Fortunati
615 1849 806 1904 ambo!
849 1851 896 1904 si
933 1849 1070 1918 quid
1106 1865 1228 1904 mea
1261 1850 1505 1907 carmina
1538 1858 1781 1923 possunt,

216 1927 386 1980 Nulla
422 1926 544 1980 dies
577 1941 838 1995 umquam
873 1926 1105 1980 memori
1142 1941 1239 1979 vos
1272 1926 1483 1982 eximet
1514 1944 1663 1998 aevo,

215 2003 364 2057 Dum
401 2003 596 2056 domus
634 2005 858 2056 Aeneae
896 2001 1132 2070 Capitoli
1168 2002 1429 2058 inmobile
1464 2020 1657 2060 saxum

217 2079 462 2145 Accolet,
499 2079 880 2147 inperiumque
915 2083 1077 2147 pater
1116 2077 1394 2132 Romanus
1428 2078 1672 2136 habebit.

283 2155 542 2210 Victores
576 2154 786 2224 praeda
823 2154 1016 2208 Rutuli
1053 2154 1349 2224 spoliisque
1383 2155 1563 2223 potiti,
1792 2207 1797 2213 .
1848 2174 1923 2219 450

214 2231 568 2286 Volscentem
605 2231 916 2286 exanimum
952 2231 1151 2286 flentes
1186 2230 1241 2284 in
1278 2236 1461 2284 castra
1494 2230 1767 2289 ferebant.

215 2309 332 2363 Nec
366 2309 545 2362 minor
577 2309 638 2362 in
672 2309 868 2364 eastris
905 2308 1087 2362 luctus
1125 2307 1437 2360 Rhamnete
1455 2311 1694 2375 ‚reperto

214 2385 496 2453 Exsangui
531 2390 590 2441 et
624 2385 816 2454 primis
852 2401 962 2438 una
997 2388 1085 2438 tot
1120 2383 1289 2438 caede
1323 2385 1643 2453 peremptis,

214 2459 558 2531 Serranoque
593 2461 903 2529 Numaque.
977 2461 1183 2527 Ingens
1220 2475 1511 2513 concursus
1546 2461 1617 2514 ad
1654 2461 1775 2532 ipsa

214 2537 458 2607 Corpora
493 2536 890 2604 seminecisque
927 2537 1072 2590 viros
1107 2535 1405 2605 tepidaque
1442 2541 1720 2592 recentem
1849 2553 1921 2593 453

213 2613 399 2668 Caede
434 2614 611 2668 locum
647 2617 706 2668 et
741 2613 932 2681 plenos
967 2611 1243 2680 spumanti
1282 2616 1540 2679 sanguine
1575 2612 1733 2666 rivos.

213 2690 579 2758 Adgnoseunt
614 2689 788 2759 spolia
821 2689 970 2743 inter
1007 2704 1066 2742 se
1101 2687 1425 2756 galeamque
1460 2687 1732 2742 nitentem

211 2765 452 2835 Messapi
488 2770 546 2820 et
581 2766 756 2821 multe
790 2765 1042 2834 phaleras
1076 2763 1279 2818 sudore
1314 2767 1580 2833 receptas.

279 2843 355 2896 Et
390 2843 500 2897 iam
534 2843 714 2912 prima
747 2858 886 2896 novo
921 2841 1219 2910 spargebat
1254 2840 1458 2894 lumine
1493 2845 1675 2898 terras

208 2918 429 2974 Tithoni
465 2935 718 2974 croceum
752 2918 1004 2987 linquens
1039 2919 1260 2971 Aurora
1292 2915 1499 2972 cubile:
1845 2935 1919 2977 ιω

209 2995 329 3049 Iam
369 2995 482 3049 sole
517 2995 712 3062 infuso,
749 2997 858 3050 iam
894 2993 1058 3048 rebus
1097 2993 1217 3048 luce
1252 2995 1492 3064 retectiS‚

208 3071 424 3126 Turnus
458 3071 518 3124 in
553 3087 707 3126 arma
741 3071 906 3139 viros,
939 3069 1111 3124 armis
1146 3068 1515 3126 circumdatus
1548 3074 1682 3144 ipse,

207 3147 470 3216 Suscitat,
504 3150 836 3216 aeratasque
869 3145 1016 3201 acies
1050 3145 1109 3199 in
1143 3145 1353 3213 proelia
1387 3149 1535 3216 cogit
