2163 3401
819 97 1191 147 AENEIDOS
1224 100 1361 150 LIB.
1398 100 1469 149 X.
1858 102 1951 153 281

239 182 628 259 Canitiemque
661 182 766 237 sibi
804 186 864 239 et
897 182 1091 250 longos
1126 182 1457 251 promiserat
1493 200 1662 239 annos
1678 204 1776 251 3—

238 258 538 327 Tarquitus
574 261 855 314 exsultans
891 264 1083 313 contra
1116 258 1454 326 fulgentibus
1490 262 1671 327 armis,
1884 276 1955 315 55⁰

237 336 528 391 Silvieolae
565 336 750 389 Fauno
789 338 1007 406 Dryope
1043 351 1209 403 quem
1246 335 1483 402 nympha.
1518 342 1746 406 crearat,

240 411 454 465 Obvius
490 411 710 465 ardenti
751 428 870 467 sese
908 412 1128 465 obtulit.
1205 410 1307 463 Ille
1344 410 1573 464 reducta

239 488 493 542 Loricam
531 488 802 558 clipeique
837 490 1028 556 ingens
1065 503 1202 539 onus
1238 484 1454 555 inpedit
1490 486 1677 553 hasta3

240 566 380 619 Tum
417 568 581 632 caput
617 565 825 619 orantis
859 563 1195 632 nequiquam
1231 565 1290 616 et
1323 563 1499 617 multa
1534 564 1783 634 parantis

240 642 440 695 Dicere
476 641 740 694 deturbat
773 645 974 707 terrae,
1011 643 1379 707 truncumque
1416 643 1699 708 tepentem
1885 658 1954 697 55²

241 718 574 772 Provolvens
609 734 774 786 super
808 718 944 771 haec
979 716 1199 769 inimico
1234 720 1458 785 pectore
1491 717 1675 771 fatur:

241 794 380 846 Istic
415 810 572 860 nunc,
609 794 920 861 metuende,
955 793 1087 846 iace.
1158 792 1210 844 N
1215 808 1285 845 on
1320 795 1379 846 te
1416 797 1641 862 optuma
1677 797 1855 848 mater

241 869 460 923 Condet
494 868 674 936 humo,
711 870 1000 937 patrioque
1037 867 1291 921 onerabit
1326 868 1573 922 membra
1608 869 1927 937 sepulchro:

245 944 494 999 Alitibus
530 944 779 1013 linquere
814 944 960 1011 feris,
1001 949 1098 997 aut
1132 944 1349 1011 gurgite
1388 961 1627 997 mersum
2007 940 2011 947 ’

242 1020 410 1075 Unda
444 1020 600 1085 feret,
633 1022 918 1089 piscesque
952 1020 1151 1089 inpasti
1188 1020 1405 1073 volnera
1438 1020 1696 1075 lambent.
1882 1036 1955 1075 560

242 1098 504 1152 Protinus
543 1100 820 1151 Antaeum
859 1101 918 1151 et
955 1097 1175 1163 Lucam,
1212 1097 1391 1164 prima
1427 1097 1648 1165 agmina
1685 1096 1870 1165 Turni,

242 1175 620 1243 Persequitur,
645 1175 958 1241 fortemque
982 1173 1029 1226 N
1037 1189 1236 1238 umam,
1265 1173 1583 1242 fulvumque
1612 1174 1939 1241 Camertem,

239 1251 593 1318 Magnanimo
630 1245 926 1304 Volscente
961 1253 1158 1315 satum,
1197 1249 1499 1303 ditissimus
1536 1251 1653 1318 agri

241 1328 348 1391 Qui
384 1326 491 1380 fuit
531 1326 886 1390 Ausonidum,
923 1330 982 1380 et
1017 1325 1203 1380 tacitis
1240 1327 1493 1393 regnavit
1531 1326 1788 1395 Amyclis.

241 1405 508 1470 Aegaeon
545 1402 738 1471 qualis,
775 1408 996 1456 centum
1034 1401 1121 1455 cui
1158 1402 1412 1455 bracchia
1448 1401 1640 1455 dicunt
1880 1415 1955 1454 565

241 1479 626 1547 centenasque
662 1494 869 1545 manus,
909 1478 1309 1545 quinquaginta
1344 1476 1532 1530 oribus
1566 1478 1751 1545 ignem

240 1554 676 1621 Pectoribusque
711 1554 924 1620 arsisse,
963 1554 1112 1606 Iovis
1148 1570 1270 1607 cum
1309 1553 1537 1606 fulmina
1572 1556 1765 1607 eontra

240 1631 346 1685 Tot
383 1630 606 1699 paribus
643 1634 917 1699 streperet
952 1630 1155 1697 clipei-³,
1193 1633 1279 1683 tot
1318 1628 1617 1696 stringeret
1654 1644 1839 1683 enses:

241 1709 330 1764 Sic
365 1711 486 1762 toto
525 1710 744 1762 Aeneas
781 1708 1028 1761 desaevit
1064 1707 1120 1760 in
1161 1723 1401 1776 aequore
1437 1707 1625 1773 victor,

242 1785 322 1840 Ut
360 1784 529 1838 semel
565 1784 804 1853 intepuit
837 1800 1047 1838 mucro,
1125 1783 1269 1848 Quin
1307 1800 1434 1836 ecee
1472 1783 1707 1852 Niphaei
1881 1794 1955 1835 570

243 1860 598 1927 Quadriiugis
633 1859 689 1912 in
727 1876 897 1928 equos
935 1859 1277 1928 adversaque
1313 1863 1539 1928 pectora
1574 1858 1776 1913 tendit.

244 1938 436 2005 Atque
469 1936 564 2002 illi,
605 1935 766 2003 longe
801 1935 1152 2003 gradientem
1190 1938 1248 1989 et
1284 1936 1405 1989 dira
1442 1936 1768 1990 frementem
1800 1999 1807 2004 Ι

243 2013 322 2066 Ut
357 2013 565 2080 videre,
603 2016 756 2066 metu
791 2012 934 2065 versi
973 2016 1237 2080 retroque
1273 2016 1501 2066 ruentes

243 2088 658 2156 Effunduntque
695 2087 908 2154 ducem,
947 2090 1279 2156 rapiuntque
1315 2088 1387 2140 ad
1423 2089 1587 2141 litora
1621 2103 1831 2140 currus.

246 2165 466 2219 Interea
501 2163 704 2231 biiugis
740 2163 910 2217 infert
947 2180 1008 2217 se
1044 2163 1295 2231 Lucagus
1332 2163 1471 2216 albis
1880 2173 1953 2214 575

244 2241 310 2294 In
347 2241 573 2305 mediOS,
609 2241 891 2308 fraterque
930 2240 1126 2307 Liger3
1174 2239 1274 2292 sed
1311 2240 1486 2292 frater
1520 2237 1750 2290 habenis

243 2317 446 2371 Flectit
483 2333 668 2385 equos,
707 2317 962 2369 strictum
998 2319 1149 2370 rotat
1186 2332 1311 2369 acer
1348 2315 1599 2381 Lucagus
1634 2328 1840 2366 ensem.

244 2393 411 2446 Haud
448 2393 580 2446 tulit
618 2395 838 2446 Aeneas
875 2396 1032 2446 tanto
1068 2393 1283 2445 fervore
1319 2391 1578 2444 furentis:

244 2469 438 2537 Inruit,
473 2469 812 2537 adversaque
849 2468 1042 2535 ingens
1078 2467 1335 2534 adparuit
1370 2467 1557 2520 hasta·

241 2545 344 2598 Cui
371 2545 563 2613 Liger:
1878 2551 1953 2589 ⁵8?

239 2620 366 2675 Non
403 2621 690 2674 Diomedis
727 2637 911 2689 equos,
949 2637 1050 2674 nec
1085 2636 1307 2674 currum
1344 2619 1523 2672 cernis
1561 2614 1777 2679 Achilli,

242 2700 362 2751 Aut
398 2696 672 2766 Phrygiae
707 2713 954 2765 campos:
989 2712 1135 2749 nunc
1169 2695 1300 2748 belli
1336 2693 1461 2747 finis
1498 2696 1556 2746 et
1591 2690 1712 2744 aevi

241 2773 348 2826 His
385 2773 610 2828 dabitur
646 2772 824 2826 terris.
899 2771 1118 2826 Vesano
1153 2770 1290 2823 talia
1326 2770 1437 2823 late

239 2850 404 2904 Dicta
438 2850 626 2903 volant
663 2849 859 2917 Ligeri.
932 2848 1046 2903 Sed
1081 2865 1189 2902 non
1226 2851 1287 2902 et
1322 2846 1515 2900 Troius
1550 2845 1713 2897 heros

238 2926 405 2981 Dicta
427 2929 590 2995 parat
615 2929 836 2990 contra;
872 2926 1105 2979 iaculum
1132 2941 1258 2977 nam
1282 2925 1511 2991 torquet
1534 2923 1591 2974 in
1616 2921 1848 2974 hostem.
1880 2929 1951 2967 585

239 3000 492 3070 Lucagus
529 3005 594 3054 ut
628 3017 834 3069 pronus
869 3002 1116 3070 pendens
1153 3001 1208 3052 in
1246 2999 1477 3052 verbera
1512 2997 1625 3049 telo

240 3077 550 3132 Admonuit
585 3078 814 3145 biiugos,
850 3077 1097 3145 proiecto
1136 3075 1267 3127 dum
1292 3074 1436 3144 pedo
1471 3071 1626 3124 laevo

242 3156 422 3224 Aptat
455 3170 520 3210 se
549 3169 781 3223 pugnae,
819 3152 970 3206 subit
1005 3167 1129 3204 oras
1166 3148 1325 3203 hasta
1358 3163 1459 3217 per
1492 3147 1631 3200 imas
