2163 3401
775 123 1149 173 AENEIDOS
1183 126 1320 175 LIB.
1361 128 1488 177 XII.
1879 132 1971 179 323

284 204 508 258 Nomine
545 220 703 257 avum
740 203 995 271 referens,
1045 205 1224 257 animo
1269 206 1627 274 manibusque
1672 212 1971 278 parentem,

284 282 381 345 Qui
417 279 703 349 quondam,
744 283 925 333 castra
960 284 1023 333 ut
1061 281 1310 334 Danaum
1347 285 1650 352 speculator
1685 285 1879 352 adiret,

282 360 459 411 Ausus
498 356 719 409 Pelidae
754 357 991 425 pretium
1030 357 1136 410 sibi
1172 376 1395 427 poscere
1431 376 1658 421 currus;
1902 376 1972 414 35⁰

281 434 437 486 Illum
474 432 707 501 Tydides
745 433 851 485 alio
886 452 985 503 pro
1022 433 1224 487 talibus
1264 437 1408 489 ausis

278 510 495 563 Adfecit
530 511 721 579 pretio,
761 528 861 563 nec
898 514 1050 579 cquis
1088 512 1334 579 adspirat
1368 513 1613 569 Achillis.

278 586 434 639 Hunc
468 587 655 655 procul
690 590 753 639 ut
791 604 979 655 campo
1017 588 1230 640 Turnus
1265 591 1546 657 prospexit
1582 595 1787 659 aperto,

278 665 419 715 Anto
454 662 559 715 levi
596 662 770 716 iaculo
808 663 1027 730 longum
1065 680 1162 731 per
1198 664 1358 719 inane
1399 670 1630 732 secutus,

272 738 427 791 Sistit
464 756 631 806 equos
666 738 867 806 biiugis
904 742 961 792 ct
1000 756 1163 792 curru
1199 740 1398 807 desilit,
1438 745 1602 809 atquo
1899 758 1971 796 355

271 814 578 886 Semianimi
616 814 875 883 lapsoque
914 817 1242 883 supervenit,
1281 820 1339 870 ct
1374 817 1516 885 pede
1554 818 1690 871 collo

274 890 535 957 inpressu,
576 890 807 943 dextrae
844 908 1156 945 mucronem
1193 896 1487 960 extorquet
1524 898 1580 947 et
1615 893 1727 947 alto

267 966 590 1033 Fulgentem
626 967 829 1034 tinguit
864 968 1066 1035 iuguIO,
1107 972 1276 1035 atquc
1312 968 1446 1021 haec
1481 969 1706 1037 insuper
1741 969 1932 1024 addit:

265 1042 365 1109 En,
402 1058 573 1110 agr-05,
611 1046 682 1110 ct,
722 1060 884 1111 quam
922 1043 1081 1111 bello,
1121 1044 1366 1112 Troiane,
1401 1045 1605 1113 petisti,

266 1119 591 1186 Hesperiam
617 1120 815 1173 metire
838 1120 1019 1173 iacens
1042 1138 1053 1171 :
1081 1119 1216 1172 haec
1238 1120 1498 1189 praemia,
1523 1122 1618 1189 qui
1641 1138 1730 1175 me
1893 1136 1967 1175 300

261 1194 435 1248 Ferro
471 1196 588 1249 ausi
622 1199 913 1263 temptare,
950 1196 1170 1262 ferunt3
1205 1197 1282 1249 sic
1317 1197 1530 1251 moenia
1566 1198 1824 1253 condunt.

260 1272 409 1324 Huic
444 1272 696 1325 comitem
737 1272 985 1340 Asbyten
1022 1273 1267 1327 coniecta
1303 1274 1528 1341 cuspide
1565 1276 1756 1345 mittit,

258 1348 601 1417 Chloreaque
638 1348 995 1418 Sybarimque
1032 1350 1348 1417 Daretaque
1387 1350 1904 1419 Thersilochumque

254 1426 335 1478 Et
372 1424 636 1477 sternacis
674 1424 800 1493 equi
838 1424 1049 1493 lapsum
1087 1425 1296 1478 cervice
1335 1424 1681 1493 Thymoeten.

250 1502 346 1554 Ac
381 1500 529 1553 velut
568 1500 743 1553 Edoni
783 1500 993 1555 Boreae
1031 1518 1154 1555 cum
1193 1501 1420 1570 spiritus
1455 1501 1566 1554 alto
1889 1518 1962 1557 365

244 1578 485 1631 Insonat
524 1578 762 1644 Aegaeo,
801 1577 1159 1646 sequiturque
1196 1576 1268 1629 ad
1303 1576 1467 1630 litora
1503 1576 1737 1643 fluctus3

242 1654 377 1720 Qua
412 1652 559 1707 venti
596 1653 907 1721 incubuere,
945 1653 1131 1721 fugam
1169 1653 1304 1707 dant
1339 1652 1527 1706 nubila
1561 1653 1738 1719 caelo;

239 1731 343 1786 Sic
381 1730 574 1798 Turno,
615 1747 954 1798 quacumque
991 1731 1133 1783 viam
1171 1733 1331 1797 secat,
1370 1731 1586 1798 agmina
1620 1731 1824 1784 cedunt

239 1807 669 1874 Conversaequc
705 1809 872 1859 ruunt
909 1807 1086 1870 acies3
1122 1807 1230 1860 fert
1268 1807 1510 1874 impetus
1543 1807 1736 1874 ipsum,

238 1884 321 1936 Et
364 1882 584 1935 cristam
619 1881 850 1935 adverso
888 1899 1052 1935 curru
1092 1882 1273 1948 quatit
1309 1899 1442 1935 aura
1478 1882 1766 1938 volantem.
1886 1897 1960 1939 370

236 1959 377 2011 Non
413 1958 543 2012 tulit
578 1958 875 2010 instantem
916 1957 1166 2025 Phegeus
1203 1958 1509 2028 animisque
1546 1960 1871 2014 frementem
1897 1981 1912 2027 ;

236 2033 468 2087 Obiecit
505 2051 625 2088 sese
662 2033 733 2086 ad
770 2051 1002 2100 currum,
1042 2038 1099 2088 et
1136 2035 1444 2103 spumantia
1477 2036 1647 2089 frenis

236 2110 363 2163 Ora
398 2111 693 2164 citatorum
730 2109 928 2163 dextra
964 2110 1200 2164 detorsit
1237 2126 1521 2177 equorum.

236 2186 397 2239 Dum
434 2186 676 2240 trahitur
710 2186 1025 2254 pendetque
1064 2185 1220 2252 iugis,
1258 2185 1402 2238 hunc
1438 2185 1552 2238 lata
1585 2189 1855 2240 retectum

238 2262 465 2316 Lancea
500 2263 867 2330 consequitur,
902 2262 1222 2330 rumpitque
1257 2260 1426 2313 infixa
1461 2258 1674 2314 bilicem
1883 2276 1956 2318 ³75

239 2338 512 2406 Loricam,
550 2342 608 2392 et
644 2354 915 2390 summum
951 2337 1212 2404 degustat
1247 2335 1466 2389 volnere
1502 2352 1713 2404 corpus.

239 2413 351 2468 Ille
388 2418 573 2468 tamen
608 2414 781 2482 clipeo
818 2412 1031 2466 obiecto
1068 2429 1360 2466 conversus
1395 2413 1452 2465 in
1486 2412 1700 2465 hostem

238 2489 389 2556 Ibat,
427 2494 485 2543 ct
520 2490 783 2543 auxilium
820 2489 985 2542 ducto
1022 2505 1279 2543 mucrone
1314 2488 1540 2557 petebat
1565 2509 1578 2554 3

236 2565 388 2619 Cum
423 2570 546 2619 rota
580 2565 939 2634 praecipitem
978 2568 1034 2619 et
1069 2582 1335 2634 procursu
1372 2565 1616 2618 concitus
1653 2565 1771 2618 axis

236 2641 459 2710 Inpulit
496 2641 837 2710 effunditque
873 2641 1000 2706 sole,
1040 2641 1364 2709 Turnusque
1399 2643 1620 2694 secutus
1881 2655 1954 2694 380

236 2717 425 2771 Imam
459 2719 607 2770 inter
641 2718 852 2784 galeam
890 2717 1087 2770 summi
1124 2717 1362 2770 thoracis
1399 2720 1457 2770 et
1493 2733 1616 2769 oras

233 2792 497 2848 Abstulit
533 2810 663 2846 ense
701 2795 879 2861 caput,
916 2795 1282 2861 truncumque
1318 2791 1544 2861 reliquit
1578 2807 1790 2846 arenae.

317 2871 503 2938 Atque
542 2887 606 2923 ca
644 2869 775 2921 dum
812 2869 1017 2937 campis
1052 2869 1228 2922 victor
1265 2869 1363 2922 dat
1401 2870 1594 2922 funera
1631 2867 1856 2938 Turnus

233 2944 469 3000 Interea
507 2948 735 3000 Aenean
774 2944 1097 2998 Mnestheus
1134 2948 1191 2997 et
1227 2945 1372 2998 fidus
1409 2943 1659 2997 Achates

232 3021 624 3091 Ascaniusque
661 3038 841 3076 comes
877 3021 1071 3074 castris
1109 3023 1352 3072 statuere
1388 3020 1690 3084 cruentum,
1877 3031 1951 3070 385

227 3093 507 3152 Alternus
542 3099 705 3166 longa
738 3097 1008 3149 nitentem
1044 3093 1272 3161 cuspide
1306 3109 1540 3159 gressus.

222 3171 445 3240 Saevit,
480 3177 539 3228 et
572 3173 805 3226 infracta
840 3171 1079 3222 luctatur
1115 3167 1382 3220 arundine
1419 3164 1588 3220 telum
