2163 3401
733 79 885 126 AEN
890 78 1102 129 EIDOS
1135 78 1274 129 LIB.
1311 80 1357 127 1.
1832 82 1888 127 91

184 154 400 224 Impius
434 158 564 209 ante
599 172 723 209 aras
758 160 927 225 atque
963 159 1083 211 auri
1120 174 1314 211 caecus
1349 174 1536 212 amore

183 233 341 285 Clam
375 231 521 285 ferro
558 232 835 286 incautum
873 238 1116 302 superat,
1154 250 1378 287 securus
1413 250 1659 288 amorum
1822 249 1896 289 ³⁵0

182 307 522 373 Germanae;
557 309 874 377 factumque
900 309 1007 376 ‚diu
1040 310 1256 375 celavit,
1295 314 1354 363 et
1391 321 1630 379 aegram,

183 382 365 437 Multa
399 384 575 437 malus
612 384 883 449 simulans,
921 402 1061 438 vana
1095 402 1192 453 spe
1229 385 1361 439 lusit
1397 390 1690 441 amantem.

182 460 317 529 Ipsa
352 460 453 513 sed
487 462 544 514 in
582 462 784 515 somnis
817 462 1089 515 inhumati
1124 463 1277 516 venit
1311 463 1493 530 imago

182 536 457 604 Coniugis,
496 554 593 591 ora
628 538 806 591 modis
841 539 1102 592 attollens
1139 537 1346 607 pallida
1381 538 1571 605 miris3

184 613 440 668 Crudelis
476 630 600 667 aras
637 615 979 683 traiectaque
1016 620 1244 683 pectora
1279 615 1427 669 ferro
1823 632 1896 672 355

183 689 234 742 N
237 688 449 757 udavit‚
486 706 818 759 caecumque
855 690 1051 745 domus
1088 692 1264 745 scelus
1301 708 1460 745 omne
1497 692 1722 746 retexit.

182 764 323 818 Tum
358 766 600 820 celerare
635 767 820 835 fugam
856 768 1150 835 patriaque
1188 768 1456 821 excedere
1495 767 1708 835 suadet,

183 842 582 911 Auxiliumque
619 843 738 896 viae
776 844 978 897 veteris
1016 844 1217 897 tellure
1253 844 1494 897 recludit

182 917 505 985 Thesauros,
541 920 788 989 ignotum
826 914 1045 988 argenti
1073 919 1290 988 pondus
1327 925 1386 973 et
1420 921 1552 973 auri.

184 994 292 1048 His
323 1000 599 1050 commota
633 996 817 1065 fugam
856 996 1002 1049 Dido
1037 996 1322 1066 sociosque
1356 997 1602 1065 parabat.
1821 1007 1895 1047 ³00

184 1071 543 1142 Conveniunt,
580 1072 779 1141 quibus
814 1078 913 1126 aut
950 1074 1137 1125 odium
1173 1073 1396 1127 crudele
1433 1073 1647 1141 tyranni

185 1150 305 1203 Aut
338 1153 525 1203 metus
559 1166 688 1203 acer
722 1153 874 1215 erat3
910 1150 1077 1216 navis,
1115 1166 1257 1218 quae
1293 1151 1436 1203 forte
1473 1151 1719 1218 paratae,

183 1225 519 1295 corripiunt,
556 1230 899 1295 onerantque
933 1244 1102 1290 auro;
1137 1230 1432 1295 portantur
1466 1226 1616 1281 avari

182 1300 553 1370 Pygmalionis
588 1319 719 1371 opes
753 1303 982 1371 pelag03
1020 1303 1136 1355 dux
1175 1303 1376 1356 femina
1412 1302 1561 1356 facti.

183 1377 470 1432 Devenere
507 1378 669 1447 locos,
704 1380 798 1433 ubi
836 1396 979 1432 nune
1014 1379 1262 1447 ingentia
1299 1378 1476 1433 cernis
1821 1391 1894 1430 aas

181 1454 403 1509 Moenia
440 1461 868 1524 surgentemque
904 1472 1074 1509 novae
1116 1456 1474 1523 Karthaginis
1510 1472 1708 1525 arcem,

181 1531 531 1601 Mercatique
566 1532 757 1598 solum,
792 1532 924 1585 facti
961 1533 1033 1585 de
1069 1532 1288 1585 nomine
1325 1532 1570 1598 Byrsam,

182 1606 419 1661 Taurino
455 1612 724 1677 quantum
761 1612 987 1677 possent
1022 1608 1365 1662 circumdare
1406 1612 1580 1675 tergo,

182 1683 296 1738 Sed
331 1702 429 1738 vos
464 1685 561 1754 qui
597 1684 837 1752 tandem,
876 1684 1076 1754 quibus
1113 1689 1210 1740 aut
1244 1684 1472 1739 venistis
1508 1682 1578 1737 ab
1615 1682 1740 1751 oriS,

182 1760 375 1825 Quove
411 1761 617 1816 tenetis
651 1763 793 1816 iter?
850 1762 1149 1827 Quaerenti
1188 1761 1392 1816 talibus
1429 1761 1522 1814 ille
1819 1775 1892 1818 870

180 1836 475 1906 suspirans
511 1837 730 1908 imoque
767 1837 992 1891 trahens
1026 1856 1061 1891 a
1096 1842 1320 1905 pectore
1356 1854 1569 1892 vocem:

250 1913 299 1966 Ο
339 1914 461 1982 dea,
496 1914 543 1967 si
579 1915 755 1983 prima
789 1918 1045 1982 repetens
1083 1914 1153 1967 ab
1191 1915 1398 1982 origine
1436 1931 1676 1984 pergam,

182 1989 257 2044 Et
291 1993 453 2044 vaeet
488 1990 695 2043 annalis
731 1993 1042 2042 nostrorum
1079 1990 1272 2044 audire
1307 1989 1569 2058 laborum,

180 2069 337 2120 Ante
372 2066 523 2120 diem
558 2067 738 2120 clauso
774 2070 1045 2134 conponat
1087 2067 1300 2136 Vesper
1337 2065 1578 2135 Olympo.
1765 2127 1772 2136 ‚

180 2143 301 2196 Nos
338 2143 501 2196 Troia
534 2142 775 2211 antiqua,
815 2141 860 2195 si
898 2146 1111 2196 vestras
1147 2143 1292 2196 forte
1327 2160 1442 2210 per.
1463 2143 1612 2196 auris
1821 2157 1892 2199 375

181 2218 380 2273 Troiae
417 2235 612 2273 nomen
646 2219 723 2283 iit,
760 2218 979 2272 diversa
1015 2236 1116 2288 per
1153 2235 1392 2287 aequora
1430 2222 1616 2272 vectos

181 2295 355 2350 Forte
391 2312 493 2349 sua
527 2295 742 2364 Libycis
775 2295 1077 2363 tempestas
1114 2295 1330 2364 adpulit
1365 2296 1487 2349 oris

181 2373 319 2426 Sum
355 2373 477 2442 pius
514 2374 749 2438 Aeneas,
785 2375 973 2440 raptos
1010 2372 1106 2440 qui
1142 2388 1210 2425 ex
1245 2371 1406 2425 hoste
1445 2371 1672 2425 Penatis

182 2448 376 2502 Classe
411 2448 546 2501 veho
580 2465 808 2514 mecum,
844 2448 991 2502 fama
1026 2463 1191 2516 super
1227 2447 1456 2501 aethera
1490 2451 1666 2502 notus,

183 2525 408 2578 Italiam
446 2541 649 2593 quaero
684 2524 919 2592 patriam
956 2527 1015 2576 et
1048 2540 1223 2590 genus
1257 2523 1326 2577 ab
1365 2523 1497 2576 Iove
1534 2539 1758 2576 summo.
1817 2535 1892 2574 seo

180 2600 283 2655 Bis
322 2600 477 2654 denis
514 2599 809 2669 Phrygium
844 2598 1133 2654 conscendi
1169 2599 1395 2652 navibus
1431 2615 1650 2667 aequor,

180 2677 370 2731 Matre
406 2677 512 2731 dea
545 2680 885 2730 monstrante
920 2677 1077 2743 viam,
1117 2676 1248 2729 data
1282 2676 1400 2729 fata
1435 2678 1684 2739 secutus;

180 2753 298 2807 Vix
333 2756 546 2822 septem
583 2753 865 2808 convolsae
898 2753 1063 2807 undis
1100 2753 1360 2819 Euroque
1397 2754 1702 2819 supersunt.

182 2829 319 2899 Ipse
351 2830 583 2898 ignotus,
620 2845 801 2898 egens,
841 2828 1047 2898 Libyae
1085 2829 1310 2882 deserta
1345 2843 1593 2896 peragro,

180 2904 407 2974 Europa
429 2909 598 2974 atque
625 2905 764 2960 Asia
796 2904 997 2971 pulsus.
1073 2903 1125 2956 N
1130 2921 1192 2957 ec
1228 2903 1388 2971 plura
1424 2906 1746 2971 querentem
1816 2917 1891 2956 385

182 2980 357 3034 Passa
394 2980 583 3036 Venus
616 2980 797 3034 medio
833 2981 910 3033 sic
946 2979 1210 3033 interfata
1245 2979 1431 3032 dolore
1468 2981 1579 3031 est:

252 3057 513 3124 Quisquis
549 3074 623 3124 es,
656 3055 820 3118 haud,
865 3056 1046 3119 credo,
1085 3054 1290 3106 invisus
1325 3053 1652 3107 caelestibus
1688 3065 1850 3104 auras

186 3132 389 3186 vitalis
424 3132 617 3201 carpis,
654 3131 870 3200 Tyriam
906 3130 1000 3196 qui
1035 3128 1325 3181 adveneris
1359 3127 1568 3180 urbem.
