2163 3401
177 105 271 152 128
641 98 699 148 P.
737 97 1044 146 VERGILI
1079 98 1414 147 MARONIS

115 214 126 223 ·
174 182 262 235 Sic
297 182 404 247 ait;
440 184 500 234 et
534 180 714 233 cuncti
749 179 899 233 dicto
932 194 1185 247 paremus
1220 181 1457 234 ovantes.

176 257 336 310 Hanc
370 273 588 325 quoque
625 256 928 309 deserimus
963 254 1165 319 sedem,
1200 255 1498 324 paucisque
1531 256 1737 311 relictis
1808 273 1889 312 190

175 332 316 387 Vela
351 334 557 397 damus,
594 335 916 399 vastumque
951 346 1083 383 cava
1118 329 1279 384 trabe
1313 331 1586 384 currimus
1620 349 1841 402 aequor.

245 408 542 477 Postquam
595 408 768 462 altum
819 410 1048 460 tenuere
1102 410 1269 473 rates,
1324 421 1425 459 nec
1480 406 1590 460 iam
1648 408 1886 477 amplius

309 486 454 538 ullae

175 562 466 629 Adparent
500 564 698 626 terrae,
733 558 941 613 caelum
976 557 1221 626 undique
1255 561 1315 612 et
1348 558 1593 628 undique
1626 564 1844 629 pontus,

174 638 310 691 Tum
345 638 478 691 mihi
513 636 794 689 caeruleus
829 650 994 703 supra
1027 637 1194 702 caput
1228 634 1447 688 adstitit
1482 634 1670 700 imber,

173 713 405 768 Noctem
440 713 781 779 hiememque
804 712 1001 776 ferens,
1034 713 1095 763 et
1127 708 1398 764 inhorruit
1432 710 1581 763 unda
1614 710 1831 765 tenebri
1851 729 1877 761 =.

175 790 443 844 Continuo
478 788 627 843 venti
663 787 886 840 volvunt
919 801 1070 839 mare
1104 802 1413 854 magnaque
1448 787 1683 853 surgunt
1806 801 1883 838 19⁶3

175 867 464 935 Aequora3
502 863 736 934 dispersi
771 863 1039 917 iactamur
1073 860 1295 929 gurgite
1328 864 1514 926 vast03

176 942 461 996 Involvere
497 942 641 995 diem
679 938 866 1006 nimbi,
901 941 961 992 et
994 953 1103 990 nox
1139 935 1365 990 humida
1398 936 1610 991 caelum

176 1018 454 1084 Abstulit;
487 1016 821 1084 ingeminant
845 1012 1107 1082 abruptis
1140 1011 1377 1065 nubibus
1411 1012 1581 1080 ignes,

174 1094 495 1147 Excutimur
530 1109 702 1157 cursu,
741 1094 799 1144 ct
833 1090 1006 1143 caecis
1044 1104 1291 1141 erramus
1326 1088 1382 1141 in
1416 1088 1594 1141 undis.
1806 1102 1883 1141 roo

176 1170 305 1238 Ipse
341 1169 487 1223 diem
522 1171 846 1235 noctemque
881 1168 1048 1233 negat
1086 1164 1398 1217 discernere
1433 1164 1599 1229 caclo,

172 1245 224 1298 N
228 1262 290 1299 ec
322 1243 635 1299 meminisse
671 1243 791 1297 viae
827 1240 1012 1295 media
1050 1240 1339 1293 Palinurus
1373 1239 1433 1293 in
1465 1238 1629 1292 unda.

172 1322 294 1375 Tris
329 1322 468 1375 adeo
503 1320 741 1373 incertos
779 1334 940 1373 caeoe
973 1316 1205 1385 caligine
1239 1316 1379 1370 soles

172 1397 434 1452 Erramus
467 1397 676 1467 pelag0,
711 1395 946 1450 totidem
983 1393 1102 1447 sine
1137 1392 1319 1445 sidere
1353 1397 1557 1446 noctes.

174 1474 381 1538 Quarto
415 1478 566 1528 terra
602 1472 693 1526 die
727 1472 964 1541 primum
1000 1486 1061 1523 se
1096 1468 1352 1523 attollere
1385 1468 1613 1522 tandem
1806 1484 1883 1523 205

172 1550 320 1618 Visa,
355 1550 568 1620 aperire
603 1548 790 1617 procul
826 1546 1040 1613 montis,
1075 1561 1142 1598 ac
1175 1543 1392 1597 volvere
1426 1543 1649 1597 fumum.

173 1627 313 1681 Vela
347 1627 566 1693 cadunt,
603 1624 769 1679 remis
803 1621 1165 1689 insurgimus3
1201 1618 1351 1673 haud
1385 1635 1551 1683 mora,
1588 1624 1791 1675 nautae

174 1704 384 1758 Adnixi
417 1705 679 1771 torquent
714 1716 933 1770 spumas
968 1703 1026 1752 et
1060 1695 1278 1751 caerula
1311 1694 1625 1759 verrunt.(>

243 1780 527 1834 Servatum
563 1795 630 1832 ex
666 1777 828 1830 undis
865 1773 1236 1842 Strophadum
1272 1789 1361 1826 me
1396 1773 1558 1826 litora
1592 1772 1832 1842 primum

173 1856 493 1923 Accipiunt3
529 1852 864 1922 Strophades
902 1851 1065 1906 Graio
1104 1853 1253 1903 stant
1286 1849 1503 1902 nomine
1538 1847 1737 1914 dictae,
1804 1861 1881 1902 210

175 1931 393 1984 Insulae
431 1931 587 1984 Ionio
620 1930 677 1982 in
713 1945 924 1996 magno,
961 1943 1099 1995 quas
1135 1925 1257 1989 dira
1292 1923 1528 1978 Celaeno

176 2006 560 2076 Harpyiaeque
595 2005 780 2059 colunt
815 2005 970 2070 aliae,
1009 2001 1234 2054 Phineia
1268 2003 1560 2069 postquam

176 2081 371 2136 Clausa
405 2082 613 2148 domus,
647 2095 972 2149 mensasque
1008 2083 1162 2132 metu
1196 2077 1407 2144 liquere
1440 2076 1664 2144 priores.

174 2158 406 2213 Tristius
439 2157 590 2212 haud
623 2156 730 2210 illis
765 2161 1087 2220 monstrum,
1122 2169 1226 2206 nec
1262 2152 1470 2205 saevior
1502 2151 1613 2204 ulla

175 2235 354 2289 Pestis
389 2238 447 2289 et
480 2235 562 2288 ira
597 2231 760 2287 deum
799 2231 1000 2300 Stygiis
1035 2246 1157 2284 sese
1191 2228 1391 2283 extulit
1424 2227 1599 2282 undis.
1806 2242 1887 2282 215

175 2311 420 2379 Virginei
453 2310 732 2364 volucrum
765 2307 962 2374 voltus,
997 2305 1313 2360 foedissima
1346 2303 1561 2358 ventris

175 2387 470 2453 Proluvie8‚
503 2399 788 2452 uncaeque
822 2399 1028 2449 manus,
1065 2385 1127 2436 et
1159 2379 1363 2451 pallida
1398 2394 1615 2443 semper

174 2462 288 2517 Ora
320 2464 478 2516 fame.

174 2539 301 2594 Huc
334 2539 427 2592 ubi
463 2537 633 2592 delati
666 2539 860 2606 portus
892 2535 1227 2600 intravimus,
1263 2549 1389 2588 ecce

175 2615 348 2671 Laeta
380 2615 548 2669 boum
579 2612 783 2682 passim
821 2612 1026 2679 campis
1061 2613 1312 2664 armenta
1347 2609 1596 2662 videmus
1808 2619 1886 2660 αι

176 2692 650 2760 caprigenumque
684 2705 850 2757 pecus
884 2687 1033 2740 nullo
1067 2685 1297 2740 custode
1331 2700 1432 2753 per
1463 2682 1676 2738 herbas.

176 2766 452 2819 Inruimus
484 2767 649 2832 ferre,
685 2768 745 2818 et
781 2763 937 2816 divos
973 2763 1262 2831 ipsumque
1298 2775 1550 2814 vocamus

179 2840 246 2893 In
279 2842 495 2906 partem
530 2839 898 2907 praedamque
935 2839 1157 2902 Iovem;
1193 2840 1313 2890 tum
1348 2835 1509 2889 litore
1542 2850 1710 2888 curvo

177 2913 628 2978 Exstruimusquo
662 2917 810 2966 toros
846 2913 1192 2982 dapibusque
1228 2911 1512 2980 epulamur
1546 2911 1753 2979 opimis.

178 2988 260 3040 At
296 2984 507 3038 subitae
541 2986 791 3040 horrifico
824 2988 982 3055 lapsu
1017 2989 1089 3042 de
1123 2987 1398 3041 montibus
1432 2985 1637 3040 adsunt
1812 2998 1893 3038 εὖ

179 3059 456 3144 Harpyiae
491 3064 548 3112 et
582 3062 788 3125 magnis
825 3064 1080 3129 quatiunt
1117 3062 1461 3131 clangoribus
1496 3060 1625 3128 alas,

178 3130 566 3200 Dmpluntque
601 3133 768 3200 dapes
801 3141 1166 3208 contactuque
1199 3138 1379 3192 omnia
1412 3135 1639 3191 foedant
