2163 3401
647 478 709 528 P.
747 473 1061 525 VERGILI
1098 470 1435 522 MARONIS

567 633 1523 717 AENEIDOS

746 830 980 884 LIBER
1016 824 1355 882 TERTIUS.

946 986 1153 1017 —4—

191 1110 496 1168 Pes-romu
533 1121 622 1159 res
661 1103 830 1158 Asiae
869 1101 1186 1171 Priamique
1224 1103 1477 1156 evertere
1511 1104 1733 1170 gentem

189 1184 515 1240 Inmeritam
551 1182 726 1235 visum
763 1179 1004 1248 Superis,
1038 1176 1349 1245 ceciditque
1384 1178 1681 1248 superbum

189 1261 358 1314 Ilium
393 1264 451 1313 et
485 1259 659 1311 omnis
695 1257 859 1309 humo
893 1255 1071 1308 fumat
1109 1253 1160 1306 N
1164 1254 1390 1323 eptunia
1427 1255 1602 1324 Troia,

188 1337 424 1390 Diversa
459 1334 650 1388 exsilia
686 1337 744 1386 et
779 1331 1028 1384 desertas
1065 1347 1331 1398 quaerere
1367 1335 1545 1385 terras

190 1412 460 1480 Auguriis
497 1410 710 1478 agimur
746 1406 942 1473 divom,
978 1406 1316 1475 classemque
1355 1408 1456 1460 sub
1493 1409 1611 1476 ipsa
1883 1419 1911 1462 ε

190 1487 488 1544 Antandro
524 1490 582 1539 et
621 1483 888 1552 Phrygiae
922 1482 1177 1535 molimur
1210 1482 1489 1535 montibus
1528 1484 1677 1549 Idae,

192 1564 420 1630 Incerti,
457 1579 566 1632 quo
603 1561 718 1614 fata
753 1560 948 1626 ferant,
989 1558 1078 1612 ubi
1118 1559 1315 1611 sistere
1352 1557 1530 1626 detur,

191 1639 691 1709 contrahimusque
727 1637 882 1690 viros.
959 1635 1067 1688 Vix
1106 1633 1283 1705 prima
1316 1635 1598 1705 inceperat
1633 1637 1829 1705 aestaS,

192 1713 271 1773 'Et
306 1722 467 1787 pater
504 1715 776 1771 Anchises
815 1714 949 1768 dare
985 1713 1117 1767 fatis
1154 1713 1275 1767 vela
1312 1712 1567 1778 iubebat3

192 1795 386 1849 Litora
421 1810 545 1849 cum
581 1793 793 1863 patriae
830 1790 1117 1845 lacrimans
1154 1794 1457 1861 portusque
1494 1791 1739 1860 relinquo
1865 1803 1914 1844 10

193 1871 272 1925 Et
307 1887 540 1940 campOS,
577 1868 671 1922 ubi
709 1868 870 1922 Troia
905 1868 1023 1923 fuit.
1101 1868 1275 1921 Feror
1311 1868 1465 1922 exsul
1501 1868 1556 1921 in
1594 1867 1765 1921 altum

196 1947 335 2002 Cum
372 1947 530 2001 sociis
565 1950 808 2015 natoque
847 1945 1148 1999 Penatibus
1186 1948 1244 1998 et
1279 1945 1491 2013 magnis
1528 1945 1625 1998 dis.

268 2023 436 2077 Terra
470 2023 658 2091 procul
695 2023 865 2077 vastis
902 2022 1100 2077 colitur
1137 2022 1408 2076 Mavortia
1442 2022 1663 2091 campis,

195 2099 434 2154 Thraces
469 2104 643 2168 arant,
680 2099 792 2153 acri
827 2099 1105 2169 quondam
1141 2104 1369 2167 regnata
1406 2098 1669 2167 Lycurge,

206 2176 518 2244 Hospitium
554 2176 841 2245 antiquum
879 2175 1072 2229 Troiae
1109 2175 1347 2244 sociique
1386 2174 1639 2239 Penates,
1868 2184 1917 2225 15

200 2251 348 2304 Dum
386 2251 631 2305 Fortuna
664 2252 784 2305 fuit.
859 2250 1029 2304 Feror
1062 2250 1185 2317 huc,
1223 2255 1282 2305 et
1313 2251 1475 2306 litore
1509 2264 1675 2303 curvo

202 2328 420 2381 Moenia
453 2330 630 2396 prima
665 2328 798 2396 loeo,
832 2327 963 2380 fatis
999 2326 1280 2395 ingressus
1317 2327 1530 2396 iniquiS,

200 2404 603 2473 Aeneadasque
640 2420 761 2458 meo
797 2420 995 2457 nomen
1031 2403 1104 2457 de
1140 2404 1356 2457 nomine
1392 2404 1552 2471 fingo,

272 2480 436 2533 Sacra
472 2480 746 2535 Dionaeae
781 2482 946 2535 matri
980 2480 1233 2548 divisque
1266 2478 1511 2534 ferebam

207 2554 538 2623 Auspicibus
572 2561 889 2626 coeptorum
925 2574 1170 2627 operum,
1208 2572 1516 2625 superoque
1552 2556 1823 2611 nitentem
1868 2566 1917 2605 m

205 2630 534 2684 Caelicolum
570 2632 688 2699 regi
722 2632 1027 2687 mactabam
1062 2633 1121 2686 in
1156 2633 1319 2685 litore
1354 2636 1592 2685 taurum.

206 2706 376 2761 Forte
411 2706 515 2761 fuit
550 2706 707 2761 iuxta
741 2709 1000 2775 tumulus,
1035 2726 1146 2779 quo
1181 2724 1377 2761 cornea
1412 2722 1623 2759 summo

205 2782 464 2852 Virgulta
499 2787 559 2838 et
594 2782 779 2839 densis
814 2784 1107 2839 hastilibus
1142 2784 1365 2837 horrida
1399 2789 1625 2852 myrtus.

207 2859 445 2929 Accessi,
481 2860 829 2930 viridemque
865 2860 935 2915 ab
970 2861 1137 2915 humo
1174 2861 1478 2915 convellere
1514 2860 1704 2915 silvam

208 2934 463 3004 conatus,
500 2938 666 2991 ramis
703 2941 949 3006 tegerem
985 2942 1049 2993 ut
1084 2936 1468 2991 frondentibus
1504 2953 1641 3004 araS,
1864 2954 1911 2994 25

210 3010 562 3067 Horrendum
602 3018 660 3068 et
697 3013 850 3067 dictu
885 3014 1044 3069 video
1079 3013 1329 3067 mirabile
1363 3018 1681 3067 monstrum.

210 3086 368 3155 Nam,
404 3096 544 3157 'quae
580 3090 757 3158 prima
793 3091 906 3144 solo
942 3091 1121 3160 ruptis
1154 3090 1429 3148 radicibus
1463 3089 1626 3143 arbos

212 3162 464 3232 vellitur,
499 3166 624 3223 huic
657 3171 780 3221 atro
814 3167 1102 3237 liquuntur
1135 3168 1395 3236 sanguine
1429 3169 1625 3234 guttae
