2163 3401
774 120 923 167 AEN
932 120 1150 169 EIDOS
1193 122 1262 169 L}
1273 120 1333 172 Β.
1375 121 1449 170 X.
1871 124 1966 173 28⁵

261 200 543 271 Defendit,
582 204 895 272 multosque
927 203 1088 272 palus
1124 202 1436 270 Laurentia,
1471 204 1608 259 silva

262 278 463 333 Pastus
486 280 803 346 arundinea,
826 282 1118 347 postquam
1142 279 1289 332 inter
1311 280 1454 333 retia
1476 283 1700 334 ventum
1725 284 1826 349 est,
1895 294 1970 337 no

260 352 538 422 Substitit,
573 355 967 423 infremuitque
1002 354 1156 407 ferox
1193 360 1252 407 et
1289 354 1561 407 inhorruit
1595 370 1812 421 armos3

258 429 310 481 N
314 446 377 483 ec
413 430 667 498 cuiquam
702 430 863 484 irasci
898 429 1192 499 propiusve
1227 430 1490 483 accedere
1525 430 1716 498 virtus,

259 505 369 559 Sed
405 506 597 560 iaculis
630 507 879 577 tutisque
913 506 1104 575 procul
1140 504 1466 560 elamoribus
1501 507 1740 562 instant:

261 580 430 635 Haud
464 583 643 652 aliter,
680 584 860 637 iustae
895 581 1097 652 quibus
1133 585 1220 636 est
1256 581 1566 637 Mezentius
1599 584 1730 649 irae,

258 656 308 710 N
313 674 381 711 on
416 659 514 712 ulli
550 664 637 713 est
674 661 888 713 animus
924 658 1118 712 stricto
1151 674 1476 713 concurrere
1509 659 1684 725 ferro;
1895 674 1968 716 ⁷1⁵

256 733 559 789 Missilibus
594 735 757 804 longe
793 740 853 789 et
886 738 1043 788 vasto
1076 735 1316 788 clamore
1351 735 1656 789 lacessunt:

258 809 361 863 Ille
397 814 582 865 autem
618 812 905 881 inpavidus
940 810 1116 880 partis
1151 815 1440 864 cunctatur
1474 811 1530 863 in
1567 813 1756 880 omnis,

254 884 533 941 Dentibus
568 888 902 956 infrendens,
939 890 999 941 et
1034 891 1192 955 tergo
1237 886 1449 941 decutit
1486 886 1685 942 hastas.

254 961 505 1017 Venerat
539 964 781 1033 antiquis
818 962 1043 1032 Corythi
1080 962 1153 1017 de
1189 962 1390 1015 finibus
1429 965 1631 1030 Acron,

253 1037 452 1091 Graius
476 1039 651 1107 hom0‚
676 1040 907 1093 infectos
932 1039 1186 1106 linquens
1211 1038 1474 1107 profugus
1497 1037 1849 1107 hymenaeos3
1889 1054 1966 1097 7³0

253 1114 419 1167 Hunc
454 1114 549 1169 ubi
584 1117 904 1169 miscentem
940 1114 1104 1183 longe
1139 1114 1324 1167 media
1362 1114 1580 1181 agmina
1617 1113 1772 1182 vidit,

253 1188 598 1258 Purpureum
632 1192 827 1260 pennis
862 1195 921 1245 et
954 1194 1152 1260 pactae
1185 1189 1429 1257 coniugis
1465 1194 1642 1245 ostro:

252 1266 515 1335 Inpastus
549 1268 767 1321 stabula
801 1268 913 1322 alta
948 1267 1035 1321 leo
1070 1282 1174 1320 ceu
1208 1282 1372 1334 saepe
1406 1283 1722 1335 peragrans,

250 1342 461 1397 Suadet
496 1343 641 1397 enim
676 1360 877 1397 vesana
911 1344 1100 1409 fames,
1137 1341 1184 1395 si
1219 1343 1362 1396 forte
1396 1343 1648 1410 fugacem

250 1418 553 1488 Conspexit
591 1436 859 1488 capream,
896 1421 995 1473 aut
1032 1422 1351 1487 surgentem
1389 1418 1447 1471 in
1488 1436 1690 1473 cornua
1723 1436 1962 1494 cervum,

248 1494 487 1559 Gaudet,
523 1494 678 1549 hians
713 1496 945 1564 inmane,
981 1510 1274 1562 comasque
1309 1495 1533 1559 arrexit,
1571 1499 1630 1548 et
1664 1495 1858 1549 haeret

248 1571 569 1626 Visceribus
606 1589 772 1642 super
804 1571 1128 1626 incumbens
1141 1592 1156 1637 3
1192 1570 1328 1625 lavit
1363 1570 1598 1639 inproba
1632 1575 1816 1625 taeter

248 1647 363 1702 Ora
399 1665 592 1705 cruor:
763 1670 768 1675 ·
962 1673 969 1679 ·

248 1726 337 1779 Sic
376 1726 489 1780 ruit
523 1727 581 1779 in
617 1727 814 1780 densos
848 1727 1028 1781 alacer
1064 1725 1372 1780 Mezentius
1407 1724 1600 1780 hostis.

246 1801 530 1856 Sternitur
562 1802 751 1856 infelix
792 1805 992 1870 Acron,
1030 1807 1090 1856 et
1124 1802 1362 1856 calcibus
1398 1806 1577 1856 atram
1886 1817 1960 1860 7³0

247 1878 455 1932 Tundit
489 1878 715 1932 humum
752 1879 1049 1948 exspirans,
1088 1878 1430 1947 infractaque
1466 1878 1580 1932 tela
1613 1882 1880 1936 cruentat.

248 1956 442 2022 Atque
478 1954 625 2008 idem
659 1955 961 2022 fugientem
996 1954 1145 2008 haud
1181 1959 1266 2008 est
1301 1955 1560 2023 dignatus
1596 1955 1817 2009 Oroden

246 2029 525 2098 Sternere,
560 2047 661 2084 nec
695 2031 841 2085 iacta
872 2047 1096 2084 caecum
1131 2031 1264 2085 dare
1298 2031 1523 2099 cuspide
1556 2032 1748 2085 volnus
1771 2053 1786 2098 ;

248 2106 459 2159 Obvius
495 2106 836 2174 adversoque
873 2107 1123 2173 occurrit,
1160 2123 1330 2175 seque
1366 2107 1483 2158 viro
1519 2107 1602 2160 vir

246 2183 511 2251 Contulit,
547 2182 697 2236 haud
731 2184 879 2237 furto
916 2183 1121 2249 melior,
1158 2183 1258 2236 sed
1291 2180 1525 2235 fortibus
1561 2183 1744 2234 armis.
1884 2196 1957 2237 ’585

246 2259 384 2312 Tum
420 2275 587 2327 super
621 2258 897 2312 abiectum
933 2259 1114 2328 posito
1149 2258 1294 2327 pede
1330 2257 1492 2310 nixus
1527 2260 1587 2310 et
1622 2257 1806 2311 hasta:

246 2333 383 2388 Pars
417 2334 550 2388 belli
585 2335 733 2388 haud
769 2335 1081 2403 temnenda,
1122 2335 1239 2402 viri,
1277 2335 1420 2387 iacet
1455 2333 1600 2386 altus
1637 2332 1866 2387 Orodes.

246 2410 599 2467 Conclamant
634 2411 763 2465 socii
799 2409 1005 2465 laetum
1040 2427 1251 2480 paeana
1287 2408 1474 2464 secuti.

248 2486 351 2540 Ille
386 2491 573 2542 autem
609 2488 920 2556 exspirans:
956 2488 1080 2541 Non
1116 2505 1221 2555 me,
1258 2487 1588 2555 quicumque
1624 2502 1696 2550 es,
1731 2484 1920 2552 inulte,

244 2562 456 2629 Victor,
493 2581 593 2618 nec
628 2564 849 2632 longum
887 2563 1198 2628 laetabere3
1235 2568 1292 2618 te
1328 2579 1548 2632 quoque
1580 2562 1699 2615 fata
1881 2575 1956 2615 740

245 2638 608 2710 Prospectant
644 2641 811 2709 paria,
850 2643 1017 2708 atque
1054 2639 1247 2693 eadem
1282 2655 1410 2692 mox
1445 2654 1577 2691 arva
1612 2635 1839 2690 tenebis.

246 2715 342 2768 Ad
380 2732 545 2784 quem
582 2715 874 2769 subridens
910 2716 1084 2770 mixta
1121 2715 1430 2769 Mezentius
1463 2713 1571 2768 ira:

244 2790 405 2845 Nunc
424 2808 649 2846 morere.
689 2794 797 2846 Ast
816 2791 887 2845 de
906 2808 995 2845 me
1013 2792 1195 2845 divom
1211 2795 1373 2860 pater
1387 2794 1556 2858 atque
1564 2789 1843 2843 hominum
1853 2806 1952 2844 rex

248 2867 481 2921 Viderit.
545 2868 669 2922 Hoc
706 2867 894 2922 dicens
930 2868 1124 2922 eduxit
1159 2883 1384 2936 corpore
1419 2867 1608 2920 telum.

245 2943 353 2996 Olli
392 2943 533 2998 dura
567 2945 723 3013 quies
758 2944 940 2998 oculos
974 2948 1033 2998 et
1067 2945 1279 2999 ferreus
1313 2947 1514 3010 urguet
1879 2958 1952 2999 ¹74⁵

244 3020 509 3085 Sonmus3
543 3022 599 3072 in
634 3024 915 3074 aeternam
952 3019 1283 3072 clauduntur
1318 3019 1523 3072 lumina
1557 3022 1786 3072 noctem.

245 3095 516 3149 Caedicus
554 3095 885 3150 Alcathoum
920 3094 1226 3160 obtruncat,
1265 3094 1520 3148 Sacrator
1557 3094 1872 3160 Hydaspen,

244 3170 719 3241 Partheniumque
756 3170 913 3239 Rapo
948 3172 1007 3222 et
1040 3169 1375 3238 praedurum
1411 3165 1620 3223 viribus
1656 3167 1845 3229 Orsen,

2031 3265 2110 3373 A
