2163 3401
748 424 809 474 P.
846 424 1150 473 VERGILI
1182 422 1442 475 MARON
1445 423 1510 473 IS

666 598 1590 678 AENEIDOS

811 805 1048 859 LIBER
1085 803 1437 858 DECIMUS.

1019 969 1222 997 -ψ-

279 1084 580 1140 Pmmm
614 1087 826 1141 interea
860 1087 1055 1141 domus
1089 1086 1482 1155 omnipotentis
1519 1083 1752 1153 Olympi,

278 1162 691 1231 conciliumque
726 1167 883 1217 vocat
918 1163 1102 1217 divom
1138 1169 1300 1231 pater
1334 1168 1502 1231 atque
1537 1161 1816 1215 hominum
1851 1175 1950 1213 rex

277 1238 562 1292 Sideream
599 1239 653 1291 in
692 1239 895 1305 sedem,
932 1244 1112 1293 terras
1147 1240 1294 1293 unde
1329 1239 1535 1292 arduus
1568 1236 1744 1291 omnis

276 1314 585 1383 Castraque
621 1314 997 1368 Dardanidum
1032 1316 1323 1384 adspectat
1357 1314 1697 1383 populosque
1733 1311 1968 1365 Latinos.

276 1390 582 1444 Considunt
615 1392 779 1445 tectis
818 1390 1231 1461 bipatentibus;
1264 1391 1456 1459 incipit
1490 1390 1639 1457 ipse:
1949 1404 1968 1439 ε

276 1466 578 1521 Caelicolae
612 1466 811 1535 magni,
846 1484 1114 1537 quianam·
1137 1467 1412 1521 sententia
1445 1464 1600 1517 vobis

274 1542 455 1597 Versa
490 1546 655 1610 retro,
690 1547 1015 1612 tantumque
1048 1544 1246 1597 animis
1279 1542 1506 1597 certatis
1538 1540 1776 1608 iniquis?

276 1618 596 1673 Abnueram
631 1619 777 1673 bello
815 1619 1033 1673 Italiam
1067 1635 1395 1676 concurrere
1432 1616 1668 1671 Teucris.

274 1694 429 1758 Quae
464 1698 659 1749 contra
690 1696 927 1750 vetitum
963 1695 1272 1750 discordia?
1308 1695 1432 1765 quis
1467 1697 1648 1749 metus
1683 1695 1780 1746 aut
1815 1692 1914 1745 hos

274 1773 397 1826 Aut
431 1772 531 1825 hos
565 1789 719 1825 arma
754 1773 905 1840 sequi
942 1773 1259 1840 ferrumque
1292 1772 1560 1826 lacessere
1595 1769 1768 1823 suasit
1788 1770 1806 1822 ‘2
1923 1784 1972 1822 10

275 1848 554 1902 Adveniet
586 1849 792 1903 iustum
827 1866 1058 1918 pugnae,
1093 1865 1164 1903 ne
1199 1851 1476 1914 arcessite,
1510 1841 1745 1916 tempus,

274 1925 413 1978 Cum
449 1925 568 1978 fera
605 1925 891 1994 Karthago
927 1925 1188 1979 Romanis
1223 1925 1440 1980 arcibus
1473 1924 1601 1978 olim

273 2001 521 2054 Exitium
558 2017 814 2069 magnum
850 2005 1018 2069 atque
1055 2000 1230 2070 Alpes
1263 2001 1508 2056 inmittet
1543 2003 1797 2068 apertas:

274 2076 414 2131 'l'um
448 2081 662 2131 certare
698 2077 853 2144 odiis,
889 2081 1007 2130 tum
1045 2092 1136 2130 res
1171 2077 1420 2146 rapuisse
1455 2075 1658 2130 licebit.

273 2151 439 2205 Nunc
473 2152 651 2218 sinite,
686 2156 746 2206 et
778 2152 1039 2222 placitum
1076 2151 1207 2206 laeti
1244 2151 1532 2220 conponite
1567 2151 1781 2206 foedus,
1927 2165 1972 2205 15

344 2227 601 2297 Iuppiter
634 2229 769 2282 haec
802 2228 1023 2297 paucis3
1058 2231 1119 2282 at
1154 2244 1261 2281 non
1298 2227 1490 2280 Venus
1523 2242 1690 2279 aurea
1725 2230 1914 2287 contra

275 2304 461 2357 Pauca
494 2304 699 2358 refert:

274 2379 321 2433 Ο
363 2381 546 2447 Pater,
582 2397 615 2433 o
650 2381 927 2434 hominum
963 2397 1260 2448 rerumque
1295 2383 1520 2434 aeterna
1555 2382 1798 2448 potestas
1818 2382 1837 2439 ¹„

274 2455 530 2524 Namque
565 2457 715 2510 aliud
750 2457 885 2526 quid
922 2458 1010 2525 sit,
1046 2457 1196 2526 quod
1232 2458 1340 2511 iam
1371 2457 1644 2525 inplorare
1673 2471 1936 2523 queamus
1961 2462 1973 2506 ί

274 2532 486 2598 CerniS,
522 2535 585 2586 ut
620 2533 884 2586 insultent
921 2533 1130 2599 Rutuli,
1167 2533 1492 2600 Turnusque
1526 2532 1739 2585 feratur
1927 2545 1974 2582 2⁴)

276 2609 385 2662 Per
419 2608 631 2662 medios
664 2609 892 2677 insignis
928 2610 1085 2678 equis
1123 2608 1478 2676 tumidusque
1515 2606 1752 2660 secundo

276 2683 463 2738 Marte
498 2687 667 2739 ruat?
705 2685 829 2738 Nou
863 2685 1047 2739 clausa
1080 2688 1281 2752 tegunt
1316 2684 1426 2736 iam
1461 2683 1678 2736 moenia
1707 2682 1926 2736 Teucro:

278 2759 421 2824 Quin
458 2759 605 2813 intra
639 2765 825 2830 portas
859 2766 1027 2828 atque
1060 2760 1194 2830 ipsis
1229 2759 1437 2829 proelia
1471 2758 1700 2813 miscent

278 2835 595 2904 Aggeribus
630 2852 927 2902 murorum,
964 2840 1022 2890 et
1055 2836 1327 2891 inundant
1365 2834 1630 2902 sanguiue
1663 2834 1858 2888 fossae.

266 2913 501 2965 ‘Aeneas
534 2911 757 2980 ignarus
790 2911 964 2966 abest.
1038 2913 1423 2979 Numquamne
1460 2911 1627 2964 levari
1929 2924 1976 2964 25

278 2987 585 3042 Obsidione
620 2988 807 3042 sines?
843 2988 1013 3041 muris
1047 2988 1249 3042 iterum
1285 2987 1534 3039 imminet
1569 2987 1742 3044 hostis

279 3064 573 3118 Nascentis
607 3063 817 3129 Troiae,
852 3079 953 3116 nec
987 3079 1098 3115 non
1134 3062 1408 3116 exercitus
1442 3061 1616 3126 alter-3

282 3141 477 3207 Atque
510 3140 714 3192 iterum
750 3138 808 3200 in
846 3138 1081 3190 Teucros
1119 3136 1333 3191 Aetolis
1369 3137 1546 3202 surgit
1580 3136 1652 3189 ab
1688 3133 1858 3201 Arpis
