2163 3401
203 87 292 133 198
684 81 743 129 P.
780 58 1089 131 mmm
1125 50 1466 133 MARONIS'

202 163 473 227 Quattuor
508 162 595 215 hic
627 161 877 215 invectus
912 161 1069 228 equis
1107 165 1166 215 et
1202 162 1456 231 lampada
1491 180 1758 232 quassans

203 240 308 293 Per
344 238 571 291 Graium
606 236 835 306 populos
869 236 1194 305 mediaeque
1229 254 1330 306 per
1369 239 1542 293 Elidis
1577 240 1772 295 urbem

202 315 331 369 Ibat
366 330 547 382 ovans,
584 313 878 381 divomque
914 311 1017 365 sibi
1054 313 1316 381 poscebat
1351 313 1625 383 honorem,

201 390 468 447 Demens!
513 389 609 458 qui
642 387 859 443 nimbos
894 391 953 441 et
986 405 1098 442 non
1133 389 1398 443 imitabile
1437 390 1640 445 fulmen
1837 410 1922 449 σου

203 467 352 522 Aere
388 470 446 522 et
478 464 830 533 cornipedum
865 464 1029 533 pulsu
1064 465 1346 519 simularet
1384 483 1662 536 equorum.

205 545 285 599 At
319 547 475 613 pater
509 542 853 610 omnipotens
889 540 1059 595 densa
1095 541 1240 595 inter
1277 541 1466 595 nubila
1501 544 1672 597 telum

206 619 501 685 contorsit,
538 634 644 671 non
680 617 774 671 ille
810 616 957 671 faces
993 633 1096 671 nec
1131 618 1316 671 fumea
1351 618 1529 672 taedis

206 697 450 762 Lumina,
487 693 954 763 praecipitemque
988 692 1193 748 inmani
1230 693 1450 748 turbine
1485 695 1690 763 adegit.

206 772 257 829 N
262 788 324 825 ec
347 787 453 824 non
481 774 541 823 et
565 770 776 837 Tityon,
802 768 1003 822 Terrae
1026 769 1420 837 omniparentis
1443 771 1739 840 alumnum,
1845 790 1922 827 ωε

208 848 447 901 Cernere
482 850 618 913 erat,
654 862 755 915 per
790 848 910 899 tota
943 860 1136 899 novem
1172 846 1258 898 cui
1293 846 1482 913 iugera
1515 863 1713 916 eorpus

208 923 531 991 l‘orrigitur,
567 927 857 990 rostroque
892 921 1126 975 inmanis
1163 920 1344 974 voltur
1379 921 1588 976 obunco

210 1000 509 1053 Inmortale
544 999 696 1052 iecur
732 995 963 1052 tondens
997 996 1340 1065 fecundaque
1375 999 1564 1066 poenis

210 1074 432 1129 Viscera
466 1076 808 1143 rimaturque
844 1073 1017 1141 epulis
1052 1072 1376 1142 habitatque
1413 1074 1512 1128 sub
1548 1075 1662 1129 alto

210 1151 453 1218 Pectore,
488 1166 589 1203 nec
624 1150 777 1203 fibris
813 1150 1030 1218 requies
1066 1148 1233 1203 datur
1267 1149 1379 1202 ulla
1413 1152 1634 1205 renatis.
1843 1168 1922 1209 ωο

210 1226 354 1291 Quid
390 1242 687 1280 memorem
727 1225 1005 1294 Lapithas,
1047 1225 1241 1279 Ixiona
1279 1226 1732 1295 Pirithoumque?

210 1304 357 1369 Quos
393 1319 558 1371 super
594 1306 716 1355 atra
753 1302 887 1355 silex
923 1302 1031 1354 iam
1066 1302 1176 1354 iam
1213 1301 1432 1371 lapsura
1466 1302 1795 1372 credentique

212 1378 471 1433 Imminet
505 1378 801 1444 adsimilis;
843 1378 1028 1431 lucent
1063 1378 1366 1445 genialibus
1401 1378 1544 1448 altis

212 1459 401 1510 Aurea
436 1455 609 1508 fulcra
643 1454 794 1522 toris,
832 1454 1134 1522 epulaeque
1170 1457 1300 1507 ante
1337 1471 1434 1507 ora
1467 1460 1696 1524 paratae

212 1532 455 1600 Regifico
491 1532 654 1597 luxu3
696 1530 984 1584 Furiarum
1022 1545 1278 1583 maxuma
1314 1530 1470 1585 iuxta
1843 1548 1923 1589 ωε

213 1609 475 1677 Accubat,
514 1612 574 1662 et
606 1607 853 1661 manibus
888 1604 1145 1675 prohibet
1179 1606 1496 1675 contingere
1530 1626 1767 1679 mensas,

212 1685 585 1754 Exsurgitque
619 1684 795 1738 facem
830 1682 1102 1750 attollens,
1139 1686 1308 1751 atque
1344 1684 1556 1739 intonat
1590 1703 1705 1740 ore.

214 1763 267 1816 H
272 1763 334 1827 ic,
372 1763 571 1830 quibus
606 1761 766 1814 invisi
800 1761 1015 1826 fratres,
1054 1758 1187 1814 dum
1223 1761 1336 1814 vita
1371 1761 1643 1831 manebat,

214 1837 537 1892 Pulsatusve
572 1853 785 1904 parens,
822 1840 882 1890 et
916 1837 1066 1889 fraus
1103 1836 1302 1890 innexa
1339 1838 1538 1906 clienti,
1603 1855 1608 1858 ·

216 1917 334 1967 Aut
368 1913 461 1980 qui
498 1913 700 1966 divitiis
738 1913 839 1966 soli
875 1911 1170 1966 incubuere
1207 1914 1463 1982 repertis,
1845 1931 1921 1970 810

215 1990 261 2042 N
269 2006 331 2042 ec
364 1991 578 2057 partem
612 2005 843 2054 posuere
880 1990 1007 2056 suis,
1043 2005 1187 2058 quae
1223 2005 1476 2044 maxuma
1509 1991 1677 2045 turba
1711 1993 1818 2056 est,

212 2065 431 2134 Quique
465 2063 536 2118 ob
572 2063 902 2118 adulterium
939 2066 1098 2132 caesi,
1135 2066 1340 2134 quique
1376 2083 1528 2120 arma
1564 2068 1740 2121 secuti

218 2141 395 2210 Impia
427 2157 529 2194 nec
564 2139 724 2194 veriti
761 2139 1101 2196 dominorum
1137 2141 1327 2196 fallere
1365 2142 1609 2210 dextras,

218 2218 419 2272 Inclusi
454 2233 683 2286 poenam
719 2222 1050 2286 exspectant.
1125 2217 1174 2271 N
1181 2235 1212 2272 e
1249 2235 1450 2287 quaere
1487 2219 1687 2287 doceri,

217 2296 391 2360 Quam
414 2309 659 2364 poenam,
685 2298 782 2348 aut
806 2309 947 2363 quac
969 2294 1146 2348 forma
1169 2295 1324 2348 viros,
1345 2295 1630 2349 fortunave
1654 2297 1864 2350 mersit.

216 2372 417 2425 Saxum
454 2372 645 2438 ingens
680 2371 903 2424 volvunt
939 2371 1043 2437 alii,
1078 2369 1358 2439 radiisque
1394 2374 1637 2424 rotarum
1849 2386 1919 2424 ele

216 2447 466 2501 Districti
502 2447 775 2514 pendent3
814 2446 987 2514 sedet,
1024 2449 1422 2514 aeternumque
1459 2447 1690 2514 sedebit,

218 2524 416 2578 Infelix
453 2522 724 2588 Theseus3
769 2521 1148 2591 Phlegyasque
1185 2523 1520 2577 miserrimus
1555 2524 1735 2577 omnis

218 2599 500 2666 Admonet
536 2604 595 2653 et
630 2615 828 2667 magna
861 2601 1102 2652 testatur
1137 2614 1267 2652 voce
1303 2615 1403 2666 per
1435 2599 1688 2654 umbras:

216 2677 464 2730 “Discite
498 2674 762 2729 iustitiam
800 2674 1006 2741 moniti,
1042 2677 1104 2728 ct
1138 2690 1244 2728 non
1283 2679 1529 2729 temnere
1565 2675 1768 2729 divos.”
1849 2689 1924 2728 m

216 2750 483 2804 Vendidit
517 2751 605 2804 hic
640 2767 771 2804 auro
806 2751 1056 2818 patriam,
1098 2749 1488 2820 dominumque
1523 2755 1814 2821 potentem

217 2825 498 2894 Inposuit3
536 2826 657 2878 fixit
693 2826 841 2892 leges
877 2827 1055 2894 pretio
1093 2829 1262 2894 atque
1300 2828 1515 2892 refixit;

218 2900 329 2951 Hic
364 2900 661 2963 thalamum
696 2900 897 2954 invasit
931 2906 1096 2955 natae
1133 2902 1445 2972 vetitosque
1480 2903 1842 2971 hymenaeos3

218 2972 356 3024 Ausi
392 2987 578 3022 omnes
612 2973 828 3027 inmane
864 2977 1029 3043 nefas,
1064 2993 1312 3046 ausoque
1347 2978 1522 3047 potiti.

218 3043 357 3110 Non,
392 3043 525 3094 mihi
562 3045 609 3095 si
642 3045 857 3112 linguae
893 3054 1114 3104 centiun
1152 3053 1261 3106 sint
1295 3071 1498 3122 oraque
1533 3059 1773 3121 centum,
1852 3069 1920 3108 88
1965 3109 1972 3116 ,

218 3115 421 3170 Ferrea
442 3131 573 3181 vox,
588 3188 595 3192 ·
610 3119 782 3170 omnis
818 3123 1086 3178 scelerum
1121 3129 1494 3196 conprendere
1531 3130 1754 3192 formas,
