2163 3401
788 67 1155 145 Amnmos
1193 96 1333 145 Lm.
1379 97 1446 146 v,
1879 104 1971 155 178

257 179 399 233 Alta
434 181 645 245 petens,
681 177 1001 245 pariterque
1038 176 1224 231 oculos
1259 177 1540 248 telumque
1575 182 1829 239 tetendit.

254 258 373 310 Ast
410 256 585 322 ipsam
622 253 965 306 miserandus
1001 270 1159 307 avem
1193 256 1514 323 contingere
1549 256 1698 310 ferro

253 332 305 387 N
310 349 387 385 on
423 330 623 395 valuit3
661 329 833 403 nodos
868 333 926 383 et
962 330 1180 383 vincula
1212 331 1356 385 linea
1391 333 1554 401 rupit,
1900 350 1973 393 610

254 409 396 471 Quis
431 407 631 460 innexa
665 405 865 475 pedem
902 406 1045 459 malo
1081 406 1361 474 pendebat
1397 408 1468 461 ab
1503 410 1644 476 alto;

256 484 367 537 Illa
400 487 561 537 notos
596 487 765 550 atque
800 485 923 535 atra
958 482 1148 535 volans
1181 483 1237 535 in
1275 484 1462 537 nubila
1493 486 1649 554 fugit.

254 561 399 614 Tum
436 558 675 628 rapidus,
713 558 1035 612 iamdudum
1073 576 1206 612 arcu
1241 564 1500 616 contenta
1533 566 1727 631 parato

254 637 393 691 Tela
426 639 639 702 tenens,
674 635 904 689 fratrem
942 635 1208 704 Eurytion
1241 636 1296 689 in
1332 641 1462 691 vota
1495 639 1722 707 vocavit,

254 714 382 768 Iam
419 728 587 766 vacuo
622 712 827 765 laetam
862 711 1013 765 eaelo
1046 712 1377 781 speculatu3‚
1415 718 1474 769 et
1509 715 1609 769 alis
1899 733 1972 773 ⁵1⁵

255 789 627 843 Plaudentem
663 787 823 855 nigra
856 787 981 855 figit
1016 787 1120 841 sub
1157 788 1302 842 nube
1337 789 1656 845 columbam.

254 865 483 920 Decidit
518 864 795 927 exanimis,
830 864 1114 933 vitamque
1147 864 1371 933 reliquit
1407 865 1464 919 in
1499 868 1664 921 astris

257 942 571 1008 Aetheriis,·
592 940 870 1008 fixamque
906 940 1077 993 refert
1115 940 1337 1009 delapsa
1373 943 1646 1010 sagittam.

254 1018 481 1073 Amissa
516 1016 661 1071 solus
696 1016 877 1087 palma
913 1016 1209 1084 superabat
1245 1018 1506 1083 Acestes;

255 1095 363 1159 Qui
401 1098 587 1147 tamen
622 1093 797 1146 aerias
832 1092 1005 1146 telum
1042 1093 1328 1146 contendit
1363 1094 1419 1147 in
1454 1112 1624 1163 auras,
1897 1112 1970 1153 σεο

254 1171 559 1224 Ostentans
596 1172 883 1236 artemque
916 1172 1077 1235 pater
1113 1185 1408 1239 arcumque
1443 1177 1740 1228 sonantem.

255 1246 369 1301 Hic
405 1246 573 1299 oculis
606 1244 849 1299 subitum
882 1244 1144 1298 obiicitur
1177 1262 1482 1315 magnoque
1517 1250 1765 1305 futurum

253 1322 513 1391 Augurio
547 1325 882 1385 monstrum3
918 1320 1109 1374 docuit
1143 1326 1270 1389 post
1305 1324 1485 1377 exitus
1520 1324 1727 1395 ingens,

253 1400 503 1467 Seraque
536 1396 765 1451 terrifici
800 1398 1118 1451 cecinerunt
1153 1399 1332 1452 omina
1366 1404 1532 1453 vates.

253 1476 513 1544 Namque
547 1473 735 1526 volans
768 1472 995 1541 liquidis
1028 1474 1086 1525 in
1121 1474 1357 1527 nubibus
1395 1477 1530 1529 arsit
1565 1478 1789 1546 arunde,
1894 1494 1968 1534 625

252 1553 615 1621 signavitque
652 1550 795 1602 viam
830 1548 1078 1617 flammis,
1116 1551 1407 1618 tenuisque
1443 1553 1671 1606 recessit

253 1629 597 1697 Consumpta
632 1628 687 1680 in
726 1630 948 1691 ventos3
984 1627 1136 1681 caelo
1171 1644 1274 1681 ceu
1307 1644 1470 1697 saepe
1504 1630 1678 1683 refixa

252 1698 661 1760 Transcurrunt
697 1705 1015 1773 crinemque
1050 1705 1289 1758 volantia
1325 1705 1510 1760 sidera
1545 1707 1765 1762 ducunt.

256 1783 531 1838 Attonitis
564 1782 790 1835 haesere
826 1781 1035 1849 animis,
1074 1781 1420 1851 Superosque
1455 1785 1663 1852 precati

252 1860 518 1914 Trinacrii
554 1859 856 1927 Teucrique
888 1857 1023 1922 viri3
1057 1875 1157 1912 nee
1191 1875 1480 1914 maxumus
1515 1877 1672 1915 omen
1891 1876 1964 1920 σω

253 1938 469 1992 Abnuit
509 1938 759 2000 Aeneas;
796 1934 896 1988 sed
931 1935 1137 1989 laetum
1171 1937 1454 2004 amplexus
1492 1939 1734 1992 Acesten

252 2012 583 2068 Muneribus
616 2011 859 2066 cumulat
896 2011 1122 2080 magnis,
1159 2027 1224 2064 ac
1259 2013 1394 2066 talia
1427 2014 1598 2067 fatur:

252 2091 435 2156 Sume,
472 2092 663 2158 pater3
698 2103 823 2141 nam
860 2091 919 2141 te
955 2088 1127 2142 voluit
1161 2105 1261 2141 rex
1296 2105 1525 2157 magnus
1562 2088 1777 2159 Olympi

252 2167 479 2221 Talibus
515 2164 769 2233 auspiciis
806 2168 1080 2217 exsortem
1122 2165 1322 2218 ducere
1359 2165 1634 2219 honorem.

254 2244 435 2312 Ipsius
476 2241 749 2296 Anchisae
784 2240 1033 2308 longaevi
1065 2240 1168 2293 hoc
1201 2256 1398 2292 munus
1433 2240 1676 2308 habebis,
1890 2256 1964 2296 535

252 2320 485 2373 Cratera
518 2317 824 2386 inpressum
861 2317 1042 2385 signis,
1078 2333 1243 2385 quem
1279 2316 1538 2370 Thracius
1573 2317 1701 2371 olim

254 2395 533 2448 Anchisae
567 2393 803 2462 genitori
840 2392 897 2446 in
932 2409 1130 2461 magno
1165 2409 1392 2446 munere
1429 2393 1647 2448 Cisseus

254 2472 424 2526 Ferre
460 2471 548 2525 sui
583 2469 817 2524 dederat
852 2473 1264 2523 monumentum
1299 2473 1359 2523 et
1391 2470 1588 2539 pignus
1623 2470 1837 2525 amoris,
1923 2476 1928 2480 '

252 2549 341 2602 Sic
377 2549 525 2602 fatus
561 2546 733 2614 cingit
768 2545 1026 2599 viridanti
1068 2550 1321 2616 tempora
1354 2546 1524 2613 laum,

254 2625 323 2678 Et
359 2625 600 2693 primum
637 2626 765 2676 ante
799 2621 975 2675 omnis
1008 2623 1272 2676 victorem
1307 2623 1552 2691 appellat
1589 2625 1844 2677 Acesten.
1888 2635 1964 2675 ⁶10

252 2701 302 2752 N
306 2717 371 2754 ec
405 2700 583 2752 bonus
620 2699 884 2768 Eurytion
920 2699 1170 2768 praelato
1204 2698 1402 2752 invidit
1437 2699 1644 2767 honori,

252 2777 513 2840 Quamvis
550 2776 697 2829 solus
732 2792 886 2830 avem
921 2776 1071 2830 caelo
1108 2775 1310 2829 deiecit
1344 2774 1414 2828 ab
1451 2775 1578 2829 alto.

254 2852 563 2906 Proxumus
598 2853 905 2920 ingreditur
941 2853 1114 2919 donis,
1151 2853 1247 2921 qui
1281 2851 1494 2905 vincula
1529 2852 1694 2922 rupit,

252 2930 567 2996 Extremus,
605 2929 809 2982 volucri
846 2930 939 2996 qui
976 2929 1099 2981 fixit
1135 2929 1402 2982 arundine
1439 2928 1653 2983 malum.

329 3008 407 3060 At
441 3010 604 3074 pater
642 3008 873 3069 Aeneas,
908 3003 1147 3058 nondum
1185 3005 1480 3058 certamine
1515 3005 1694 3068 misam,
1888 3015 1964 3054 σω

252 3081 554 3138 Custodem
589 3082 661 3134 ad
699 3097 821 3134 sese
856 3081 1222 3147 comitemque
1255 3079 1474 3147 inpubis
1512 3079 1617 3131 Iuli

251 3155 529 3228 Epytiden
562 3161 740 3222 vocat,
774 3160 834 3212 et
868 3155 1037 3209 fidam
1070 3155 1148 3208 sic
1180 3156 1332 3209 fatur
1365 3154 1437 3208 ad
1475 3169 1687 3206 aurem:
