2163 3401
701 118 1085 169 'AENEIDOS
1118 118 1259 167 LIB.
1298 119 1429 165 ΧΠ.
1841 124 1931 166 325

221 199 574 267 Proveniant,
612 215 790 268 neque
827 203 898 265 te,
935 201 1142 267 Aenea,
1180 208 1302 252 mea
1339 200 1571 255 dextera
1608 207 1826 265 servat3

220 278 402 333 Maior
438 276 553 343 agit
591 275 726 328 deus
763 280 931 343 atque
967 292 1137 344 opera
1172 275 1243 328 ad
1280 276 1485 331 maiora
1520 278 1773 333 remittit.

222 356 330 409 Ille
365 352 558 407 avidus
595 369 808 420 pugnae
843 369 998 405 suras
1033 351 1329 406 incluserat
1365 370 1497 407 auro
1862 372 1936 409 430

223 432 373 485 Hinc
408 434 576 496 atque
612 427 750 495 hinc,
789 428 1018 497 oditque
1054 444 1249 496 moras,
1300 430 1627 502 hastamque
1670 438 1936 489 coruscat.

224 508 528 575 Postquam
564 505 761 559 habilis
796 505 958 558 lateri
991 506 1198 575 clipeus
1235 506 1519 577 loricaque,
1548 513 1705 577 tergo
1743 515 1842 578 est,

227 584 524 639 Ascanium
560 582 695 636 fusis
731 583 936 637 circum
970 583 1329 652 conplectitur
1367 586 1545 653 armis,

226 663 558 729 Summaque
591 677 691 729 per
723 660 938 729 galeam
975 659 1225 713 delibans
1261 662 1442 715 oscula
1478 661 1658 717 fatur:

227 738 407 803 Disce,
442 754 594 806 pucr,
631 737 893 791 virtutem
931 754 1001 791 ex
1035 754 1125 790 me
1164 754 1463 806 verumque
1501 737 1759 802 laborem,
1870 754 1941 790 435

229 816 530 868 Fortunam
567 830 636 867 ex
672 814 806 867 aliis.
834 840 840 847 ·
883 814 934 867 N
938 830 1040 867 unc
1075 816 1135 867 te
1172 830 1295 866 mea
1337 814 1569 867 dextera
1604 814 1747 867 bello

228 891 528 945 Defensum
565 889 737 957 dabit,
775 892 834 943 et
869 906 1065 958 magna
1100 890 1245 943 inter
1282 890 1526 958 praemia
1564 889 1759 943 ducet:

229 968 311 1021 Tu
345 966 526 1034 facito,
561 982 689 1019 mox
725 982 848 1020 cum
885 972 1103 1019 matura
1139 966 1439 1021 adoleverit
1478 970 1646 1033 aetas,

231 1044 316 1097 Sis
352 1059 575 1108 memor,
614 1045 672 1095 et
706 1046 764 1095 tc
801 1044 978 1095 animo
1014 1045 1359 1110 repetentem
1398 1042 1651 1111 exempla
1684 1045 1906 1095 tuorum

236 1120 306 1173 Et
339 1122 501 1188 pater
538 1120 758 1171 Aeneas
795 1122 853 1172 et
887 1118 1185 1172 avunculus
1222 1118 1427 1171 excitet
1466 1118 1690 1172 Hector.
1871 1132 1945 1171 ω)

302 1195 456 1248 Haec
492 1193 584 1247 ubi
623 1194 771 1248 dicta
806 1195 977 1263 dedit,
1012 1196 1187 1265 portis
1224 1212 1343 1249 sese
1382 1196 1583 1249 extulit
1620 1196 1826 1264 ingens,

233 1272 423 1325 Telum
457 1270 674 1324 inmane
709 1286 875 1325 manu
913 1272 1205 1340 quatiens3
1242 1272 1401 1325 simul
1442 1273 1659 1340 agmine
1696 1272 1867 1325 denso

237 1346 599 1416 Antheusque
637 1347 1067 1416 Mnestheusque
1105 1351 1286 1414 ruunt,
1326 1349 1611 1416 omnisque
1648 1349 1853 1401 relictis

233 1422 418 1477 Turba
451 1421 572 1476 fluit
607 1424 814 1476 castris,
888 1423 1024 1476 Tum
1060 1438 1221 1475 caeco
1255 1422 1479 1490 pulvere
1515 1440 1737 1491 campus

233 1498 514 1564 Miscetur,
550 1499 822 1567 pulsuque
857 1498 1062 1568 pedum
1098 1498 1290 1551 tremit
1326 1498 1504 1551 excita
1540 1498 1718 1551 tellus,
1876 1515 1947 1553 445

233 1574 396 1628 Vidit
431 1574 500 1627 ab
537 1575 766 1627 adverso
805 1575 1072 1628 venientis
1110 1590 1312 1642 aggere
1348 1572 1573 1640 TurnUS,

235 1650 443 1705 Videre
491 1650 730 1720 Ausonii,
766 1650 1092 1721 gelidusque
1127 1666 1229 1721 per
1265 1650 1375 1704 ima
1412 1650 1651 1704 cucurrit

234 1729 374 1781 Ossa
411 1732 653 1792 tremor;
690 1727 866 1796 prima
902 1731 1030 1781 ante
1064 1727 1243 1781 omnis
1283 1728 1513 1781 Iuturna
1551 1727 1775 1780 Latinos

234 1804 437 1857 Audiit
473 1803 842 1872 adgnovitque
881 1819 1087 1870 sonum,
1126 1806 1183 1857 et
1220 1803 1543 1856 tremefacta
1578 1803 1801 1870 refugit.

235 1880 342 1934 Ille
366 1879 526 1945 volat,
557 1895 856 1948 campoque
884 1882 1067 1931 atrum
1094 1880 1241 1947 rapit
1268 1897 1459 1948 agmen
1489 1883 1692 1949 aperto,
1880 1894 1953 1934 450

235 1955 426 2020 Qualis
463 1955 558 2008 ubi
595 1955 668 2008 ad
705 1958 882 2008 terras
919 1954 1155 2023 abrupto
1197 1955 1377 2010 sidere
1415 1957 1629 2010 nimbus

236 2033 296 2086 It
331 2048 486 2084 mare
522 2047 621 2099 per
657 2030 938 2096 medium;
974 2032 1205 2098 miseris,
1243 2033 1366 2098 heu,
1404 2035 1647 2102 praescia
1680 2034 1840 2102 longe

235 2110 585 2164 Hori-escunt
625 2107 791 2161 corda
833 2107 1114 2176 agricolis;
1156 2108 1311 2161 dabit
1352 2108 1445 2161 ille
1481 2110 1664 2161 ruinas

235 2183 566 2252 Arboribus,
609 2187 963 2253 stragemque
1003 2184 1170 2248 satis3
1210 2187 1336 2237 ruet
1375 2185 1555 2236 omnia
1595 2184 1735 2247 late3

235 2263 392 2316 Ante
430 2261 626 2325 volant,
673 2260 1023 2330 sonitumque
1064 2260 1249 2314 ferunt
1289 2259 1361 2312 ad
1400 2259 1563 2312 litora
1599 2259 1777 2313 venti:
1896 2271 1965 2311 ῦὸ

237 2338 384 2392 Talis
423 2337 479 2389 in
518 2337 775 2390 adversos
818 2337 1016 2390 ductor
1060 2336 1363 2390 Rhoeteius
1405 2335 1576 2388 hostis

239 2416 286 2468 A
295 2430 461 2482 gmen
500 2413 618 2481 agit
634 2433 646 2478 ;
688 2413 844 2466 densi
888 2414 1071 2468 cuneis
1116 2430 1173 2468 se
1219 2413 1447 2480 quisque
1484 2411 1685 2465 coactis

240 2490 657 2557 Adglomerant.
735 2489 891 2542 Ferit
917 2506 1046 2542 ense
1071 2506 1297 2557 gravem
1327 2488 1697 2557 Thymbraeus
1722 2486 1939 2554 Osirim,

242 2565 570 2620 Archetium
615 2565 956 2632 Mnestheus,
1005 2566 1307 2634 Epulonem
1352 2565 1643 2618 obtruncat
1682 2565 1939 2628 Achates,

240 2643 616 2709 Ufentemque
657 2642 837 2710 Gyas;
877 2642 1027 2696 cadit
1065 2643 1185 2712 ipse
1231 2642 1542 2696 Tolumnius
1584 2659 1770 2710 augur,
1888 2661 1965 2701 400

243 2719 464 2771 Primus
506 2718 561 2770 in
602 2718 861 2772 adversos
904 2719 1075 2772 telum
1122 2720 1215 2789 qui
1254 2723 1493 2772 torserat
1535 2719 1720 2772 hostis.

244 2795 476 2848 Tollitur
515 2795 572 2847 in
610 2795 820 2849 caelum
861 2796 1075 2860 clamor,
1120 2795 1372 2864 versique
1415 2796 1650 2849 vicissim

245 2870 636 2924 Pulverulenta
675 2872 807 2940 fuga
851 2871 1044 2926 Rutuli
1090 2872 1224 2924 dant
1267 2877 1426 2940 terga
1466 2890 1567 2942 per
1606 2886 1781 2938 agros

248 2947 377 3016 Ipse
415 2965 592 3014 neque
635 2965 852 3002 aversos
895 2949 1157 3016 dignatur
1204 2951 1451 3001 sternere
1491 2947 1673 3013 morti,

246 3024 364 3077 Nec
401 3024 542 3091 pede
581 3040 898 3092 congressos
939 3040 1113 3092 aequo
1150 3041 1250 3076 nec
1293 3025 1406 3077 tela
1442 3023 1671 3076 ferentis
1898 3029 1970 3068 4³5

247 3099 600 3167 Insequitur3
638 3101 812 3152 solum
856 3099 1025 3153 densa
1065 3098 1122 3152 in
1165 3099 1395 3166 caligine
1437 3100 1679 3151 Turnum

248 3175 509 3242 Vestigat
547 3174 800 3240 lustrans,
837 3176 1010 3228 solum
1048 3175 1105 3228 in
1142 3174 1440 3228 certamina
1478 3173 1669 3244 poscit.
