2163 3401
780 105 1155 181 AENnrDos
1188 106 1326 156 Lm.
1364 107 1525 156 vm.
1912 106 2003 155 241

302 184 507 259 Fertur
540 202 698 255 aqua,
735 187 1027 256 segnisque
1062 188 1303 241 secundo
1339 187 1537 241 defluit
1570 186 1733 255 amni,

297 261 347 314 N
353 262 510 315 untia
544 267 779 316 ventura
817 263 1056 316 Ascanio
1090 279 1387 332 rerumque
1422 263 1721 333 patrisque.
1928 277 2005 316 σω

299 336 518 391 Dantur
552 339 679 407 equi
715 338 938 393 Teucris
973 339 1253 407 Tyrrhena
1284 338 1605 407 petentibus
1638 355 1799 404 arva3

299 412 524 469 Ducunt
559 416 831 469 exsortem
872 418 1113 483 Aeneae,
1148 429 1313 483 quem
1347 414 1496 468 fulva
1528 414 1701 468 leonis

301 488 468 543 Pellis
501 489 624 545 obit
656 494 852 557 totum,
887 490 1239 559 praefulgens
1273 490 1549 559 unguibus
1583 492 1779 546 aureis.

369 565 542 620 Fama
575 566 723 620 volat
758 582 982 635 parvam
1018 566 1203 620 subito
1220 567 1457 635 -volgata
1490 583 1591 636 per
1624 567 1835 635 urbem,

298 642 466 699 Ocius
499 643 584 697 ire
617 643 832 712 equites
867 642 1135 712 Tyrrheni
1152 642 1245 696 -ad
1279 642 1443 697 litora
1476 643 1638 712 regis.
1926 660 2001 700 σεε

305 718 450 772 Vota
483 723 638 774 metu
673 719 958 789 duplicant
993 723 1215 785 matres,
1252 720 1587 788 propiusque
1622 719 1826 789 periclo

301 793 360 849 It
392 796 574 862 timor,
611 800 669 851 et
703 798 876 850 maior
911 796 1110 849 Martis
1144 796 1253 849 iam
1288 795 1519 865 adparet
1552 796 1747 863 imago.

299 871 438 926 Tum
472 876 635 941 pater
668 872 960 926 Euandrus
996 873 1251 926 dextram
1286 871 1583 941 conplexus
1618 871 1801 926 euntis

301 948 530 1016 Haeret,
563 948 872 1017 inexpletus
904 948 1210 1016 lacrimans,
1246 964 1310 1001 ac
1344 948 1479 1001 talia
1508 948 1691 1004 fatur:

299 1022 348 1076 Ο
380 1024 517 1077 mihi
549 1024 876 1093 praeteritos
911 1025 1121 1078 referat
1155 1024 1202 1077 si
1240 1024 1495 1093 Iuppiter
1528 1038 1710 1092 annos,
1925 1040 1999 1078 600

299 1099 491 1164 Qualis
527 1116 694 1164 eram,
729 1116 852 1155 cum
887 1101 1125 1171 primam
1161 1100 1337 1155 aciem
1374 1099 1674 1154 Praeneste
1708 1098 1813 1155 sub
1847 1100 1971 1169 ipsa

300 1174 482 1229 Sti-avi
516 1180 903 1246 scutorumque
937 1176 1159 1230 incendi
1193 1176 1365 1230 victor
1401 1192 1636 1243 acervos,

299 1250 374 1305 Et
403 1268 594 1320 regem
628 1252 732 1306 hac
767 1252 996 1306 Erulum
1033 1252 1235 1307 dextra
1270 1251 1372 1306 sub
1408 1252 1639 1307 Tartara
1670 1252 1810 1321 misi,

299 1326 350 1379 N
353 1327 562 1382 ascenti
597 1327 684 1381 cui
719 1328 824 1381 tris
857 1329 1068 1399 animas
1106 1327 1339 1381 Feronia
1371 1332 1622 1383 mater—

299 1402 655 1458 Horrendum
679 1403 1152 1471 dictu—dederat,
1186 1410 1348 1457 terna
1381 1420 1533 1457 arma
1566 1405 1863 1472 movenda3
1922 1422 1995 1461 ωε

297 1478 404 1531 'l‘er
436 1479 550 1533 leto
585 1480 912 1533 sternendus
946 1483 1097 1545 erat;
1134 1479 1222 1533 cui
1255 1482 1375 1532 tum
1410 1482 1596 1532 tamen
1631 1480 1807 1533 omnis

299 1554 553 1610 Abstulit
586 1554 721 1609 haec
753 1556 962 1610 animas
998 1555 1213 1623 dextra,
1249 1559 1309 1608 et
1342 1554 1577 1608 totidem
1613 1556 1765 1609 exuit
1799 1557 1994 1613 armis:

299 1630 422 1684 Non
459 1647 562 1699 ego
598 1647 740 1685 nuuc
777 1631 922 1685 dulci
959 1632 1217 1702 amplexu
1252 1629 1547 1685 divellerer
1579 1646 1826 1700 usquam,

299 1707 460 1775 Nate,
494 1712 621 1773 tuo;
656 1725 835 1778 neque
869 1708 1105 1762 finitimo
1141 1707 1446 1761 Mezentius
1479 1722 1743 1776 umquam

298 1782 446 1838 Huic
480 1783 650 1852 capiti
684 1784 954 1838 insultans
987 1786 1074 1838 tot
1109 1784 1255 1838 ferro
1291 1799 1453 1837 saeva
1488 1783 1738 1837 dedisset
1923 1799 1999 1839 570

298 1858 534 1926 Funera,
570 1861 686 1914 tam
720 1860 909 1914 multis
943 1859 1224 1914 viduasset
1258 1855 1467 1913 civibus
1500 1857 1711 1914 urbem.

297 1936 381 1988 At
414 1950 527 2002 vos,
563 1951 598 1989 o
633 1935 833 2005 superi,
868 1940 928 1990 et
962 1935 1145 1990 divom
1181 1939 1245 1990 tu
1279 1951 1533 1990 maxume
1565 1939 1749 1991 rector

299 2011 568 2080 Iuppiter,
608 2011 849 2080 Arcadii,
885 2027 1103 2080 quaeso,
1140 2012 1479 2066 miserescite
1514 2013 1676 2081 regis,

295 2085 370 2141 Et
404 2087 614 2156 patrias
649 2088 840 2142 audite
873 2104 1089 2157 preces:
1130 2087 1187 2141 si
1224 2088 1446 2141 numina
1480 2092 1666 2142 vestra

297 2161 633 2217 Incolumem
672 2163 921 2218 Pallanta
955 2164 1105 2232 mihi,
1141 2164 1187 2217 si
1222 2164 1339 2218 fata
1372 2168 1669 2232 reservant,
1922 2180 1997 2221 575

296 2238 354 2293 Si
389 2239 606 2293 visurus
640 2239 765 2293 eum
799 2241 924 2294 vivo
959 2243 1017 2294 et
1051 2244 1317 2293 venturus
1352 2240 1408 2292 in
1442 2253 1639 2294 unum:

296 2315 488 2370 Vitam
523 2331 649 2381 oro;
683 2316 866 2384 patior
901 2318 1150 2386 quemvis
1185 2316 1384 2370 durare
1418 2313 1677 2370 laborem.

294 2391 390 2445 Sin
426 2391 666 2461 aliquem
699 2392 984 2445 infandum
1021 2408 1224 2460 casum,
1262 2392 1521 2460 Fortuna,
1557 2392 1805 2450 minaris:

296 2467 469 2534 Nunc,
505 2484 647 2521 nunc
681 2483 714 2520 o
749 2468 914 2523 liceat
949 2468 1227 2523 crudelem
1262 2467 1592 2538 abrumpere
1627 2470 1811 2540 vitam,

297 2542 443 2597 Dum
478 2559 641 2597 curae
677 2544 982 2613 ambiguae,
1020 2545 1153 2599 dum
1190 2561 1315 2614 spes
1348 2545 1560 2599 incerta
1593 2546 1782 2616 futuri,
1922 2565 1996 2602 581

293 2619 442 2672 Dum
478 2622 554 2688 te,
591 2636 716 2674 care
751 2638 903 2690 puer,
939 2637 1063 2675 mea
1098 2621 1215 2674 sola
1248 2625 1308 2675 et
1342 2637 1465 2675 sera
1499 2620 1764 2690 voluptas,

295 2695 578 2766 conplexu
612 2700 804 2765 tene03
838 2698 1059 2767 gravior
1092 2714 1200 2753 neu
1234 2697 1461 2752 nuntius
1494 2693 1643 2752 auris

297 2771 581 2828 Volneret.
657 2773 812 2828 Haec
844 2775 1064 2843 genitor
1098 2774 1352 2844 digressu
1389 2773 1540 2828 dieta
1575 2790 1828 2844 supremo

294 2847 620 2914 Fundebat;
655 2850 844 2904 famuli
879 2852 1193 2922 conlapsum
1229 2852 1287 2906 in
1322 2855 1473 2907 tecta
1505 2851 1775 2908 ferebant.

367 2925 601 2995 lamque
633 2928 775 2981 adeo
811 2928 1025 2982 exierat
1061 2929 1238 2998 portis
1274 2930 1557 2999 equitatus
1592 2929 1815 2998 apertis,
1918 2943 1994 2984 ⁵8⁵

296 3000 519 3055 Aeneas
555 3002 700 3057 inter
734 3005 941 3074 primos
975 3007 1034 3058 'et
1069 3005 1215 3058 fidus
1254 3006 1511 3072 Achates,

295 3077 441 3131 Inde
474 3078 566 3132 alii
604 3079 796 3133 Troiae
830 3083 1114 3146 procerem
1147 3080 1267 3148 ipse
1301 3081 1517 3148 agmine
1556 3076 1737 3132 Pallas

293 3151 370 3206 In
401 3154 602 3223 medio,
637 3154 932 3222 chlamyde
958 3157 1020 3210 et
1052 3155 1218 3223 pictis
1251 3158 1573 3222 conspectus
1606 3153 1665 3206 in
1698 3150 1891 3204 armis:
