2163 3401
182 76 275 147 ³52
639 102 699 149 P.
738 100 1046 149 vERG1L1
1083 100 1416 151 MAnoms

186 177 341 232 Ilicet
375 178 432 231 in
468 196 651 233 muros
686 183 809 235 tota
845 181 1172 235 discurritur
1205 182 1359 237 urbe.

181 254 480 308 Concilium
514 256 633 324 ipse
667 260 829 325 pater
861 259 921 310 et
955 272 1154 324 magna
1187 258 1408 327 incepta
1443 260 1670 315 Latinus

182 329 401 385 Deserit
435 348 499 386 ac
531 333 678 387 tristi
714 333 969 387 turbatus
1003 335 1252 401 tempore
1288 334 1488 402 differt,
1808 349 1890 391 ω

184 408 467 477 Multaque
504 426 563 463 se
597 409 823 474 incusat,
860 412 955 479 qui
990 426 1098 463 non
1133 413 1404 481 acceperit
1439 413 1583 466 ultro

182 484 518 539 Dardanium
556 486 798 554 Aenean,
832 502 1207 555 generumque
1241 488 1536 542 adsciverit
1567 488 1708 542 urbi.

184 561 537 615 Praefodiunt
572 562 662 615 alii
697 567 899 631 portae,
936 568 1034 618 aut
1070 580 1203 617 saxa
1238 564 1510 633 sudesque

181 637 532 692 Subvectant.
608 639 764 692 Bello
800 638 900 693 dat
935 639 1151 708 signum
1186 656 1352 693 rauca
1386 644 1670 694 cruentum
1909 704 1918 711 .

181 714 401 769 Bucina„
473 715 609 769 Tum
644 732 829 770 muros
863 715 1013 770 varia
1046 715 1266 770 cinxere
1301 732 1497 770 corona
1811 732 1887 771 απ

181 789 467 845 Matronae
500 793 795 861 puerique;
828 795 986 846 vocat
1019 791 1177 845 labor
1209 792 1435 847 ultimus
1469 793 1653 846 omnis.

181 867 232 920 N
235 884 297 921 ec
332 885 437 922 non
474 869 547 922 ad
582 868 850 938 templum
888 884 1237 937 summasque
1271 868 1345 921 ad
1381 868 1621 922 Palladis
1653 884 1810 922 arces

182 943 512 999 Subvehitur
546 961 743 1013 magna
774 949 1014 999 matrum
1048 945 1242 1013 regina
1276 948 1509 1011 caterva,

182 1018 338 1073 Dona
368 1022 564 1089 ferens,
600 1020 877 1091 iuxtaque.
896 1037 1077 1075 comes
1115 1021 1339 1075 Lavinia
1373 1020 1538 1089 νίηςο,

182 1094 387 1150 Caussa
419 1098 549 1151 mali
584 1099 739 1165 tanti,
776 1097 959 1151 oculos
993 1097 1212 1152 deiecta
1247 1098 1490 1151 decoros.
1798 1108 1888 1150 480

182 1171 489 1228 Succedunt
521 1177 741 1240 matres,
776 1178 835 1227 et
868 1174 1137 1243 templum
1172 1177 1298 1227 ture
1333 1176 1611 1242 vaporant,

183 1246 256 1301 Et
290 1252 524 1303 maestas
559 1249 670 1302 alto
704 1250 938 1304 fundunt
975 1249 1045 1303 de
1079 1248 1268 1303 limine
1303 1265 1486 1303 voces:

185 1324 550 1395 Armipotens,
582 1341 802 1393 praeses
836 1326 981 1393 belli,
1015 1325 1261 1379 Tritonia
1293 1326 1461 1393 virgo,

137 1420 149 1432 ·
183 1400 396 1470 Frange
431 1418 595 1456 manu
628 1401 799 1455 telum
839 1401 1062 1470 Phrygii
1097 1401 1405 1469 praedonis,
1441 1404 1499 1454 et
1533 1400 1709 1469 ipsum

184 1476 419 1531 Pronum
456 1482 641 1533 sterne
675 1478 803 1546 solo,
837 1477 1124 1547 portisque
1161 1476 1381 1531 effunde
1416 1476 1518 1531 sub
1553 1475 1692 1529 altis.
1803 1492 1894 1533 485

183 1551 432 1621 Cingitur
465 1555 581 1623 ipse
613 1555 800 1607 furens
833 1553 1087 1607 certatim
1122 1553 1178 1606 in
1213 1552 1421 1622 proelia
1454 1552 1678 1605 Turnus.

184 1628 413 1698 Iamque
448 1631 586 1684 adeo
625 1629 891 1683 Rutulum
928 1629 1155 1683 thoraca
1190 1628 1416 1682 indutus
1450 1626 1600 1681 aenis

184 1707 461 1761 Horrebat
496 1707 750 1776 squamis,
787 1723 1051 1774 surasque
1089 1705 1383 1759 incluserat
1417 1721 1561 1768 aum,

182 1781 448 1852 Tempora
479 1782 659 1836 nudus
696 1782 887 1848 adhuc,
924 1781 1199 1851 laterique
1237 1781 1547 1835 accinxerat
1579 1795 1778 1847 ensem,

182 1857 559 1926 Fulgebatque
591 1857 707 1911 alta
740 1857 1035 1911 decurrens
1070 1861 1269 1910 aureus
1304 1874 1442 1925 arce,
1797 1869 1889 1910 490

180 1934 543 2002 Exsultatque
574 1933 783 2000 animiS,
819 1936 877 1986 et
910 1950 1005 2002 spe
1040 1934 1150 1986 iam
1183 1933 1454 2002 praecipit
1485 1933 1718 1986 hostem:

182 2009 369 2072 Qualis
402 2008 496 2062 ubi
532 2007 779 2077 abruptis
815 2010 959 2077 fugit
995 2010 1284 2078 praesepia
1321 2008 1510 2062 vinclis

180 2084 422 2140 Tandem
454 2084 597 2138 liber
630 2101 818 2153 equus,
854 2101 1153 2154 campoque
1188 2085 1397 2153 potitus
1431 2087 1621 2154 aperto

188 2165 300 2218 Aut
334 2162 425 2216 ille
459 2162 514 2214 in
550 2165 741 2230 pastus
776 2165 1134 2230 armentaque
1170 2162 1355 2216 tendit
1389 2177 1664 2230 equarum,

184 2242 301 2294 Aut
334 2239 597 2292 adsuetus
631 2254 805 2307 aquae
840 2237 1097 2306 perfundi
1132 2237 1354 2292 flumine
1389 2238 1519 2290 noto
1807 2251 1924 2291 4⁹5*

182 2317 405 2383 Emicat,
438 2314 775 2382 arrectisque
807 2314 997 2367 fremit
1032 2312 1334 2367 cervicibus
1362 2313 1473 2368 alte

182 2392 499 2456 Luxurians,
534 2390 843 2458 luduntque
876 2389 1039 2443 iubae
1072 2405 1175 2458 per
1209 2390 1358 2455 colla,
1393 2405 1493 2458 per
1527 2403 1718 2440 armos.

181 2467 355 2521 Obvia
390 2466 490 2532 cui,
526 2465 847 2518 Volscorum
882 2465 997 2518 acie
1032 2466 1342 2531 comitante,
1374 2463 1600 2518 Camilla

180 2542 448 2610 Occurrit,
482 2541 765 2611 portisque
798 2540 869 2594 ab
904 2557 1045 2610 equo
1078 2540 1273 2608 regina
1305 2539 1409 2594 sub
1434 2539 1579 2608 ipsis

180 2619 432 2686 Desiluit,
468 2635 632 2687 quam
669 2621 790 2671 tota
822 2617 1016 2671 cohors
1050 2617 1267 2670 imitata
1300 2616 1503 2670 relictis
1813 2631 1896 2670 eoo

181 2693 277 2745 Ad
310 2697 517 2746 terram
556 2693 789 2746 defluxit
824 2693 1012 2760 equis3
1048 2697 1168 2746 tum
1205 2692 1338 2746 talia
1371 2692 1546 2746 fatur:
1715 2709 1722 2714 ·

180 2765 374 2829 Turne,
410 2768 494 2818 sui
528 2767 727 2818 merito
764 2767 810 2819 si
846 2783 956 2834 qua
989 2771 1076 2820 est
1112 2766 1312 2820 fiducia
1345 2767 1490 2833 forti,

182 2835 381 2886 Audeo
416 2843 475 2890 et
514 2841 837 2894 Aeneadum
872 2843 1135 2909 promitto
1171 2859 1458 2896 occurrere
1492 2845 1713 2896 turmae

182 2905 413 2989 Solaqpe
448 2911 753 2976 Tyrrhenos
788 2917 1003 2982 equites
1037 2917 1120 2970 ire
1155 2917 1316 2971 obvia
1349 2922 1553 2972 contra.

181 2976 275 3027 Me
311 2990 427 3028 elne
459 2984 634 3045 prima
666 3003 830 3042 manu
864 2994 1140 3060 temptare
1173 2994 1414 3061 pericula
1450 2992 1612 3047 belli:
1815 3007 1895 3050 ωε

180 3045 265 3096 Tu
296 3047 469 3109 pedes
501 3055 573 3122 ad
606 3073 790 3115 muros
823 3064 1074 3133 subsiste,
1111 3070 1171 3120 et
1205 3069 1418 3122 moenia
1452 3085 1625 3122 serva.

184 3113 395 3167 ”numus
427 3123 499 3173 ad
532 3124 679 3192 haoe»
715 3136 897 3189 oculos
929 3138 1204 3195 horrenda
1235 3142 1292 3196 in
1329 3143 1542 3212 virgine
1575 3143 1751 3201 fixus:
