2163 3401
706 66 1072 135 AENEIDOS
1112 84 1250 132 mn.
1296 82 1401 131 111.
1820 82 1913 130 131

201 170 460 239 Deriguit
492 170 614 223 visu
648 168 706 221 in
741 166 938 232 medio,
974 165 1125 219 calor
1160 181 1286 218 ossa
1322 164 1578 231 reliquit3

199 248 450 316 Labitur,
487 250 546 299 et
580 246 742 313 longo
777 244 868 297 vix
906 242 1131 296 tandem
1166 245 1417 309 tempore
1452 242 1625 294 satur:

201 324 424 378 Verane
457 326 518 375 te
552 320 732 388 facies,
768 336 932 373 verus
967 318 1101 371 mihi
1135 317 1361 371 nuntius
1396 316 1597 379 adfers,
1841 329 1919 369 310

199 400 350 453 Nate
387 399 524 452 dea?
567 397 809 450 vivisne?
851 398 962 460 aut,
999 394 1046 448 si
1081 394 1177 447 lux
1213 394 1357 446 alma
1390 392 1632 459 recessit,

201 476 418 529 Hector
451 474 546 527 ubi
582 474 700 527 est?
743 470 898 539 dixit,
934 471 1297 538 lacrimasque
1332 469 1528 523 effudit
1564 473 1623 522 ct
1657 483 1875 522 omnem

199 550 446 619 Inplevit
479 549 715 603 clamore
749 548 941 601 locum.
1013 546 1124 599 Vix
1162 562 1333 613 pauca
1365 544 1571 600 furenti

199 626 444 680 Subiicio
480 628 540 678 et
573 624 713 677 raris
748 622 1004 677 turbatus
1040 621 1263 675 vocibus
1296 621 1470 676 hisco:

198 702 347 755 Vivo
371 700 641 769 equidem,
665 700 944 768 vitamque
967 697 1219 753 extrema
1252 714 1353 767 per
1386 697 1566 751 omnia
1599 700 1769 760 dueo;
1846 710 1919 749 315

197 780 251 832 Ν
257 796 291 832 0
331 776 538 844 dubita,
572 793 697 830 nam
733 793 864 830 vera
899 776 1068 829 vides.
1098 775 1156 833 '0

199 853 360 908 Heu!
405 854 530 923 quis
565 858 624 907 te
659 869 817 907 casus
854 852 1125 907 deiectam
1161 852 1391 921 coniuge
1425 854 1583 905 tanto

199 930 458 999 Excipit?
501 934 599 983 aut
635 946 776 998 quae
814 927 979 996 digna
1014 929 1149 982 satis
1182 928 1403 982 fortuna
1436 927 1627 981 revisit

199 1006 462 1061 Hectoris
501 1005 962 1059 Andromachen?
1006 1004 1253 1071 Pyrrhin'
1292 1004 1557 1058 connubia
1594 1005 1813 1058 servas?

198 1082 417 1137 Deiecit
451 1081 658 1135 voltum
695 1086 754 1135 et
789 1082 1030 1136 demi-ssa
1063 1097 1197 1135 voce
1231 1081 1414 1135 locuta
1448 1084 1557 1134 est:
1844 1094 1919 1134 320

199 1157 248 1212 Ο
285 1158 419 1212 felix
454 1174 566 1211 una
599 1159 898 1213 ante,alias
936 1158 1209 1230 Priameia
1234 1158 1409 1226 virgo,

199 1234 482 1289 Hostilem
518 1234 591 1287 ad
628 1235 895 1288 tumulum
933 1234 1129 1288 Troiae
1165 1234 1266 1288 sub
1303 1235 1591 1289 moenibus
1626 1234 1755 1287 altis

201 1310 362 1364 Iussa
394 1310 552 1376 mori,
589 1326 729 1380 quae
765 1311 994 1365 sortitus
1029 1327 1138 1364 non
1174 1312 1403 1380 pertulit
1438 1311 1590 1379 ullos,

200 1387 253 1440 Ν
256 1403 321 1440 00
354 1387 578 1441 victoris
614 1386 734 1441 heri
768 1388 958 1455 tetigit
993 1388 1208 1457 captiva
1242 1388 1448 1441 cubile!

200 1462 331 1529 Nos,
367 1462 552 1532 patria
585 1463 806 1517 incensa
841 1463 1058 1517 diversa
1094 1481 1197 1533 per
1230 1481 1471 1533 aequora
1506 1466 1713 1529 vectae,
1846 1476 1919 1515 325

201 1540 405 1607 Stirpis
444 1539 730 1594 Achilleae
761 1540 938 1594 fastus
974 1539 1339 1609 iuvenemque
1377 1538 1689 1607 superbum,

201 1615 440 1669 Servitio
476 1616 679 1680 enixae,
715 1616 941 1671 tulimus
957 1624 986 1682 ;'
1013 1617 1110 1686 qui
1146 1615 1359 1682 deinde,
1398 1620 1617 1669 secutus

202 1690 482 1746 Ledaeam
522 1692 860 1748 Hermionen
900 1693 1473 1763 Lacedaemoniosque
1510 1692 1845 1761 hymenaeos

201 1767 295 1821 Me
323 1769 531 1822 famulo
553 1769 926 1839 famulamque
954 1768 1169 1824 Heleno
1192 1769 1498 1824 transmisit
1522 1769 1844 1824 habendam.

203 1846 312 1898 Ast
345 1844 521 1912 illum,
557 1849 782 1914 ereptae
801 1863 1016 1913 ⁴mag-no
1050 1846 1419 1918 inflammatus
1454 1863 1637 1901 amore
1844 1859 1917 1900 330

202 1919 463 1988 Coniugis
499 1923 558 1975 et
590 1922 854 1976 scelerum
893 1923 1076 1976 Furiis
1113 1923 1368 1992 agitatus,
1396 1924 1631 1978 Orestes

201 1996 425 2065 Excipit
457 1997 737 2052 incautum
771 1999 1091 2068 patriasque
1128 2000 1421 2054 obtruncat
1455 2001 1527 2054 ad
1562 2017 1699 2054 aras

200 2071 388 2127 Morte
426 2073 777 2143 Neoptolemi
814 2091 1109 2144 regnorum
1146 2076 1369 2130 reddita
1404 2077 1569 2130 cessit

199 2147 340 2202 Pars
377 2149 608 2218 Helen0‚
643 2151 737 2220 qui
773 2151 1042 2206 Chaonios
1078 2154 1396 2221 cognomine
1432 2169 1650 2220 campos

199 2225 612 2295 Chaoniamque
647 2243 861 2281 omnem
899 2229 1132 2283 Troiano
1168 2245 1202 2282 a
1238 2229 1458 2283 Chaone
1494 2229 1651 2294 dixit,
1844 2245 1915 2283 835

201 2302 584 2371 Pergamaque
621 2303 956 2374 Iliacamque
991 2306 1135 2374 iugis
1170 2306 1307 2360 hane
1342 2305 1561 2359 addidit
1596 2319 1791 2360 arcem.

197 2377 314 2431 Sed
350 2377 456 2431 tibi
494 2379 588 2450 qui
624 2396 840 2435 cursum
878 2383 1043 2449 venti,
1081 2399 1223 2452 quae
1258 2383 1374 2436 fata
1410 2383 1645 2436 dedere?

198 2455 325 2506 Aut
360 2452 608 2521 quisnam
643 2455 897 2524 ignarum
933 2459 1135 2512 nostris
1172 2457 1311 2511 deus
1346 2457 1561 2527 adpulit
1597 2456 1742 2511 oris‘l

197 2528 352 2593 Quid
387 2545 526 2597 puer
561 2533 832 2586 Ascanius
846 2536 866 2588 '1
909 2537 1205 2602 superatne
1240 2539 1301 2588 et
1336 2533 1575 2587 vescitur
1609 2549 1757 2600 aura,

196 2605 382 2670 Quem
418 2604 522 2659 tibi
556 2607 666 2660 iam
703 2609 934 2664 Troia—-
1842 2621 1917 2662 340

195 2681 394 2749 Ecqua
429 2685 616 2737 tamen
650 2701 821 2753 puero
857 2690 945 2741 est
979 2687 1211 2742 amissae
1246 2703 1378 2741 cura
1411 2685 1689 2754 parentis?

194 2756 420 2825 Ecquid
454 2759 510 2812 in
545 2761 830 2830 antiquam
868 2763 1129 2818 virtutem
1165 2765 1481 2830 animosque
1517 2761 1688 2815 virilis

194 2833 272 2886 Et
309 2835 472 2901 pater
509 2836 730 2890 Aeneas
767 2841 825 2892 et
859 2839 1155 2893 avunculus
1191 2840 1397 2893 excitat
1434 2839 1678 2893 Hector?

194 2908 354 2962 Talia
387 2909 659 2966 fundebat
693 2912 982 2968 lacrimans
1015 2915 1316 2983 longosque
1351 2914 1531 2967 ciebat

195 2984 486 3039 Incassum
521 2986 702 3054 fletuS,
737 3005 860 3042 cum
897 3006 1018 3043 sese
1053 3005 1087 3042 a
1121 2988 1406 3042 moenibus
1441 2987 1603 3041 heros
1842 2999 1917 3038 84⁵

192 3059 510 3115 Priamides
543 3063 734 3132 multis
771 3064 1019 3118 Helenus
1039 3062 1441 3116 'comitantibus
1476 3063 1675 3127 adfert,

191 3135 627 3206 Adgnoscitque
663 3153 807 3202 suos,
841 3137 1135 3206 laetusque
1169 3138 1242 3191 ad
1274 3136 1463 3190 limina.
1497 3135 1666 3198 ducit,

381 3213 399 3248 1
417 3213 434 3246 1
