2163 3401
207 103 266 151 86
673 95 734 144 P.
776 95 1079 144 VERGILI
1115 95 1444 144 MARONIS

207 181 433 245 SeditiO,
471 178 755 246 saevitque
793 176 986 230 animis
1022 175 1262 244 ignobile
1298 178 1506 247 volgus,

209 257 438 324 Iamque
463 255 609 306 faces
635 260 691 306 et
715 270 844 305 saxa
867 255 1050 306 volant
1074 253 1251 320 (furor
1274 271 1427 307 arma
1449 257 1777 328 ministrat);
1860 277 1939 318 ιω

207 334 359 398 Tum,
384 334 596 400 pietate
619 346 840 397 gravem
866 346 930 382 ac
953 329 1167 383 meritis
1193 330 1238 382 si
1262 330 1406 384 forte
1430 331 1605 385 virum
1630 349 1799 400 quem

210 409 570 477 Conspexere,
609 406 784 471 silent,
823 406 1161 474 arrectisque
1199 405 1424 460 auribus
1459 407 1681 462 adstant
1696 430 1713 475 ς

210 486 312 539 Ille
349 485 492 552 regit
531 483 692 536 dictis
729 483 952 548 animos,
991 486 1050 535 et
1085 486 1310 550 pectora
1346 484 1577 539 mulcet:

209 562 298 616 Sic
333 564 559 614 cunctus
596 559 774 628 pelagi
811 559 1013 612 cecidit
1046 558 1248 628 fragor,
1284 577 1525 628 aequora
1558 566 1863 630 postquam

211 637 550 706 Prospiciens
585 636 801 704 genitor
838 635 1101 704 caeloque
1136 635 1385 690 invectus
1420 643 1613 706 aperto
1858 657 1931 696 1⁵⁵

210 714 410 768 Flectit
447 730 617 782 equos
654 729 926 782 curruque
962 713 1148 766 volans
1184 712 1283 765 dat
1319 713 1434 765 lora
1468 713 1724 767 secundo.

277 791 490 845 Defessi
531 789 842 856 Aeneadae,
880 805 1020 858 quae
1056 805 1324 857 proxuma
1359 789 1533 854 litora,
1568 806 1732 843 cursu

211 867 566 922 Contendunt
599 870 802 936 petere,
840 870 897 920 et
935 865 1138 933 Libyae
1164 867 1468 918 'vertuntur
1502 864 1576 918 ad
1608 881 1747 918 orae.

211 944 310 998 Est
346 945 401 998 in
438 960 653 998 secessu
689 943 850 1010 longo
886 942 1062 995 loeus:
1106 941 1283 994 insula
1318 944 1537 1010 portum

211 1021 389 1075 Efficit
423 1020 642 1073 obiectu
676 1019 926 1084 laterum,
966 1017 1165 1086 quibus
1200 1017 1374 1070 omnis
1410 1017 1479 1070 ab
1514 1017 1627 1071 alto
1852 1036 1928 1076 ια

211 1099 508 1166 Frangitur
541 1096 708 1163 inque
745 1095 894 1148 sinus
933 1094 1133 1148 scindit
1170 1109 1288 1147 sese
1323 1093 1471 1146 unda
1506 1093 1799 1160 reductos3

214 1174 356 1227 Hinc
390 1177 556 1240 atque
589 1172 718 1224 hinc
753 1175 941 1224 vastae
976 1187 1141 1238 rupes
1176 1170 1487 1238 geminique
1522 1170 1803 1223 minantur

212 1250 279 1302 In
314 1249 522 1302 eaelum
559 1246 778 1315 scopuli,
815 1263 1048 1315 quorum
1086 1246 1188 1300 sub
1224 1245 1431 1299 vertice
1466 1246 1578 1300 late

211 1327 474 1394 Aequora
508 1327 631 1377 tuta
666 1322 858 1388 silent3
896 1327 1014 1376 tum
1053 1322 1203 1376 silvis
1240 1338 1432 1375 scaena
1467 1321 1702 1375 coruscis

210 1399 462 1469 Desuper
483 1399 837 1466 horrentique
861 1402 1042 1452 atrum
1068 1414 1261 1451 nemus
1284 1397 1533 1451 imminet
1556 1397 1785 1464 umbra3
1846 1417 1929 1454 165

211 1475 414 1531 Fronte
451 1477 551 1530 sub
587 1475 818 1528 adversa
853 1475 1087 1544 scopulis
1122 1474 1490 1544 pendentibus
1524 1479 1763 1542 antrum,

211 1554 371 1608 Intus
407 1569 580 1622 aquae
616 1551 802 1606 dulces
837 1551 1068 1621 vivoque
1106 1551 1301 1606 sedilia
1336 1567 1479 1618 saw,
1747 1545 1754 1550 ’

210 1629 584 1699 Rympharum
622 1629 843 1682 domus:
880 1628 967 1682 hic
1001 1628 1174 1682 fessas
1210 1645 1319 1680 non
1355 1626 1566 1680 vincula
1600 1625 1760 1680 navis

209 1708 336 1761 Ulla
371 1711 576 1772 tenent,
613 1723 751 1760 unco
787 1723 895 1759 non
931 1706 1119 1773 alligat
1142 1719 1353 1758 'ancora
1390 1720 1585 1757 morsu.

210 1784 334 1837 Huc
370 1787 579 1852 septem
621 1786 838 1835 Aeneas
871 1781 1112 1836 collectis
1146 1781 1375 1836 navibus
1409 1781 1555 1835 omni
1848 1794 1929 1837 ιτα

210 1860 293 1912 Ex
328 1877 554 1913 numero
591 1859 769 1923 subit3
810 1876 873 1913 ac
909 1874 1107 1925 magno
1146 1858 1359 1913 telluris
1390 1872 1574 1911 amore

209 1936 429 2003 Egressi
465 1939 654 2005 optata
687 1935 974 2003 potiuntur
1009 1935 1178 1988 Troes
1214 1950 1381 1988 arena

209 2013 282 2065 Et
319 2012 431 2066 sale
466 2011 706 2065 tabentis
740 2015 894 2064 artus
928 2011 986 2063 in
1021 2010 1183 2065 litore
1218 2015 1440 2080 ponunt.

210 2090 296 2141 Ac
330 2088 566 2157 primum
603 2088 734 2140 silici
771 2088 1060 2141 scintillam
1098 2088 1324 2143 excudit
1360 2088 1599 2145 Achates

208 2163 572 2232 Succepitque
607 2164 788 2231 ignem
823 2162 977 2217 foliis
1003 2169 1171 2233 atque
1208 2164 1364 2219 arida
1386 2166 1598 2219 'circum
1682 2230 1689 2235 Ι
1846 2182 1929 2225 175

212 2241 563 2294 Nutrimenta
598 2240 754 2293 dedit
790 2240 1080 2309 rapuitque
1114 2240 1172 2293 in
1208 2240 1397 2295 fomite
1433 2241 1721 2297 flammam.

208 2318 344 2372 Tum
381 2318 637 2371 Cererem
674 2322 982 2385 corruptam
1021 2316 1184 2370 undis
1222 2316 1573 2385 Cerealiaque
1607 2334 1758 2371 arma

211 2393 526 2463 Expediunt
559 2392 689 2445 fessi
723 2409 922 2458 rerum,
937 2444 942 2448 ,
959 2393 1259 2461 frugesque
1295 2398 1546 2462 receptas

209 2469 281 2524 Et
316 2473 528 2523 torrere
561 2475 759 2537 parant
793 2468 1026 2521 flammis
1061 2474 1121 2523 et
1156 2471 1411 2539 frangere
1447 2486 1592 2525 saxo,

277 2548 494 2601 Aeneas
531 2545 810 2613 scopulum
845 2545 1060 2599 interea
1094 2546 1409 2599 conscendit
1446 2550 1505 2600 et
1540 2560 1755 2600 omnem
1847 2562 1919 2599 1&

209 2621 564 2694 Prospectum
603 2622 715 2675 late
748 2620 943 2691 pelago
978 2623 1140 2690 petit,
1182 2622 1404 2675 Anthea
1439 2622 1484 2675 si
1512 2630 1685 2691 'quem

208 2700 480 2754 lactatum
514 2702 680 2754 vento
717 2698 901 2752 videat
939 2698 1310 2767 Phrygiasque
1347 2698 1585 2765 biremis,

209 2778 327 2827 Aut
364 2776 564 2842 Capyn,
599 2779 696 2827 aut
732 2775 888 2828 celsis
923 2775 979 2827 in
1015 2773 1289 2842 puppibus
1324 2790 1479 2828 arma
1515 2774 1677 2828 Caici.

208 2848 415 2901 Navem
450 2850 506 2900 in
543 2854 836 2915 conspectu
869 2850 1091 2914 nullam,
1126 2850 1230 2902 tris
1266 2849 1428 2903 litore
1463 2865 1650 2903 cervos

208 2922 476 2989 Prospicit
511 2924 774 2985 errantis;
815 2924 915 2976 hos
952 2927 1072 2977 tota
1104 2928 1353 2978 armenta
1388 2928 1705 2993 sequuntur
1844 2941 1926 2983 18⁵

207 2998 262 3049 A
299 3000 470 3062 tergo,
507 2999 567 3048 et
599 2996 818 3062 longum
853 3014 954 3066 per
988 2999 1143 3051 vallis
1178 3001 1423 3068 pascitur
1457 3016 1671 3068 agmen.

209 3070 468 3123 Constitit
501 3068 602 3135 hic,
640 3086 932 3139 arcumque
968 3090 1132 3125 manu
1167 3075 1469 3143 celerisque
1505 3076 1735 3143 sagittas

208 3143 498 3211 Corripuit,
535 3144 677 3197 fidus
712 3162 852 3213 quae
887 3146 998 3199 tela
1032 3147 1261 3214 gerebat
1298 3150 1559 3219 Achates,
