2163 3401
164 74 259 123 248
626 72 685 120 P.
723 72 1029 121 venena
1054 38 1393 119 ’ΜΑΒΟΝΙΒ

164 152 420 219 Classem,
457 168 599 221 quae
632 151 795 206 lateri
830 155 1136 206 castrorum
1171 151 1434 205 adiuncta
1464 149 1693 219 latebat,

163 227 476 296 Aggeribus
512 232 757 296 saeptam
791 229 995 282 circum
1029 231 1092 281 et
1125 226 1434 281 fluvialibus
1468 228 1646 297 undis,
1823 262 1872 299 :o

164 304 397 370 Invadit,
434 304 714 371 sociosque
750 304 1002 357 incendia
1034 305 1213 372 poscit
1248 304 1474 371 ovantis,

163 381 353 449 Atque
387 397 607 434 manum
638 381 771 448 pinu
807 380 1059 447 flagranti
1098 379 1341 433 fervidus
1375 380 1562 448 inplet.

162 456 301 510 Tum
334 474 463 511 vero
498 456 846 521 incumbunt3
880 459 1085 523 urguet
1117 456 1435 525 praesentia
1469 456 1667 522 Turni3

162 535 356 602 Atque
390 533 565 587 omnis
598 532 809 587 facibus
842 531 1018 601 pubes
1050 532 1360 600 accingitur
1392 531 1544 586 atris.

160 609 453 678 Diripuere
487 610 661 674 socos3
696 609 911 677 piceum
944 609 1055 662 fert
1089 607 1300 661 fumida
1333 607 1520 662 lumen
1817 620 1868 665 73

161 685 345 739 'raeda
378 690 437 739 et
472 685 821 739 commixtam
857 684 1134 739 Volcanus
1168 684 1240 737 ad
1275 687 1426 738 astra
1460 683 1718 737 favillam.

231 762 365 827 Quis
399 762 551 827 deus,
587 778 620 815 ο
656 761 864 829 Musae,
898 766 1014 815 tam
1048 777 1212 825 saeva
1244 760 1500 814 incendia
1535 760 1760 815 Teucris

162 838 415 893 Avertit?
449 841 632 892 tantos
666 837 880 892 ratibus
914 836 1039 905 quis
1074 836 1289 905 depulit
1320 835 1496 905 ignis?

163 914 356 969 Dicite.
427 914 614 967 Prisca
646 912 787 967 fides
820 914 983 981 facte,
1018 911 1120 965 sed
1153 912 1302 965 fama
1334 912 1603 981 perennis.

162 989 425 1059 Tempore
458 1007 569 1059 quo
602 989 841 1059 primum
879 988 1114 1057 Phrygia
1148 987 1420 1043 formabat
1453 988 1511 1041 in
1549 988 1656 1042 Ida
1811 1002 1863 1041 so

163 1066 379 1120 Aeneas
412 1066 654 1133 classem,
690 1069 750 1119 et
784 1064 964 1134 pelagi
997 1068 1192 1133 petere
1226 1065 1340 1119 alta
1373 1063 1621 1133 parabat,

164 1140 293 1210 Ipsa
327 1142 491 1197 deum
525 1142 703 1196 fertur
735 1142 987 1210 genetrix
1026 1141 1351 1209 Berecyntia
1383 1157 1644 1209 magnum

163 1216 400 1272 Vocibus
433 1218 519 1271 his
554 1218 741 1273 adfata
777 1218 999 1272 Iovem:
1038 1217 1140 1283 Da,
1174 1220 1318 1283 nate,
1353 1216 1582 1285 petenti,

163 1293 321 1359 Quod
352 1299 451 1349 tua
484 1311 611 1348 cara
645 1310 843 1363 parens
878 1293 1087 1348 domito
1121 1298 1180 1347 te
1214 1296 1392 1363 poscit
1427 1292 1676 1362 Olympo.

163 1370 331 1425 Pinea
364 1372 499 1425 silva
531 1370 681 1437 mihi,
720 1369 921 1424 multos
956 1369 1160 1423 dilecta
1193 1386 1295 1439 per
1329 1385 1528 1434 annos;
1813 1382 1866 1424 ⁸5

161 1446 340 1501 Lucus
372 1447 429 1501 in
464 1464 589 1501 arce
623 1447 730 1501 fuit
764 1462 990 1513 summa,
1026 1462 1135 1514 quo
1171 1462 1326 1500 sacra
1360 1446 1630 1515 ferebant,

160 1522 212 1574 N
215 1523 413 1589 igranti
447 1524 599 1592 picea
636 1521 996 1589 trabibusque
1030 1521 1294 1575 obscurus
1329 1521 1567 1575 acernis:

162 1598 280 1651 Has
316 1615 417 1666 ego
455 1598 730 1652 Dardanio
766 1597 962 1665 iuveni,
999 1614 1123 1651 cum
1162 1597 1349 1651 classis
1384 1601 1588 1665 egeret,

161 1673 335 1729 Laeta
368 1674 527 1740 dedi3
561 1692 703 1730 nunc
738 1674 1024 1729 sollicitam
1060 1674 1228 1728 timor
1257 1674 1450 1728 anxius
1482 1674 1652 1743 angit.

161 1750 319 1806 Solve
341 1754 536 1820 metus,
550 1755 717 1820 atque
739 1751 841 1805 hoc
862 1751 1118 1819 precibus
1133 1751 1251 1804 sine
1274 1766 1434 1818 posse
1451 1754 1758 1820 parentem,
1813 1765 1868 1804 ω

160 1827 285 1880 Neu
318 1843 479 1882 cursu
513 1831 801 1897 quassatae
835 1827 948 1880 ullo
982 1843 1091 1880 neu
1125 1825 1348 1881 turbine
1382 1826 1532 1880 venti

161 1902 497 1969 Vincantur;
531 1904 707 1973 prosit
739 1904 943 1958 nostris
976 1902 1034 1956 in
1070 1902 1348 1957 montibus
1384 1906 1548 1956 ortas.

162 1977 335 2032 Filius
368 1978 495 2034 huic
526 1984 733 2048 contra,
767 1982 995 2048 torquet
1028 1979 1125 2048 qui
1161 1978 1345 2033 sidera
1379 1978 1600 2032 mundi:

162 2054 207 2107 Ο
242 2055 511 2124 genetrix,
547 2072 657 2125 quo
691 2056 807 2110 fata
842 2056 1036 2110 vocas?
1070 2057 1171 2108 aut
1205 2053 1341 2123 quid
1376 2055 1522 2123 petis
1557 2053 1714 2110 istis?

160 2131 451 2185 Mortaline
485 2148 651 2186 manu
682 2132 860 2186 factae
893 2131 1184 2184 inmortale
1218 2130 1434 2184 carinae
1815 2145 1870 2185 ss

161 2206 269 2261 Fas
303 2207 573 2262 habeant?
608 2211 903 2276 certusque
937 2207 1152 2261 incerta
1183 2206 1427 2276 pericula
1459 2206 1664 2261 lustret

160 2285 414 2339 Aeneas?
451 2284 538 2338 cui
572 2286 729 2338 tanta
765 2283 870 2338 deo
904 2283 1172 2351 permissa
1205 2284 1487 2351 potestas?

161 2360 352 2421 Imm0‚
389 2359 485 2413 ubi
522 2359 815 2414 defunctae
848 2359 1014 2414 finem
1048 2363 1353 2428 portusque
1387 2358 1656 2413 tenebunt

161 2435 434 2489 Ausonios
470 2435 613 2503 olim,
653 2451 1030 2504 quaecumque
1066 2434 1304 2490 evaserit
1337 2435 1502 2488 undis

159 2513 607 2580 Dardaniumque
642 2512 833 2566 ducem
875 2511 1175 2565 Laurentia
1207 2510 1424 2566 vexerit
1455 2526 1597 2576 arva,
1793 2525 1870 2564 100

157 2589 451 2643 Mortalem
490 2588 717 2658 eripiam
750 2588 998 2653 formam,
1033 2586 1328 2655 magnique
1362 2585 1562 2641 iubebo

158 2666 434 2734 Aequoris
471 2681 591 2720 esse
626 2664 776 2732 deas,
810 2663 989 2732 qualis
1024 2662 1228 2716 Nereia
1263 2661 1409 2717 Doto

159 2739 233 2790 Et
269 2739 501 2791 Galatea
536 2743 723 2793 secant
756 2741 1102 2807 spumantem
1137 2741 1361 2807 pectore
1393 2741 1643 2808 pontum.

159 2811 407 2875 Dixerat,
441 2813 611 2878 idque
644 2817 827 2868 ratum
864 2813 1040 2881 Stygii
1074 2829 1177 2882 per
1211 2813 1435 2868 flumina
1468 2813 1673 2882 fratris,

160 2882 272 2934 Per
304 2883 426 2948 pice
460 2887 724 2939 torrentis
759 2890 992 2955 atraque
1024 2889 1286 2955 voragine
1319 2889 1470 2957 ripas
1799 2903 1874 2943 ιω

162 2954 394 3017 Adnuit,
429 2959 487 3007 et
522 2961 701 3011 totum
737 2965 873 3014 nutu
909 2963 1221 3016 tremefecit
1255 2963 1564 3032 Olympum.

230 3025 379 3109 Ergo
412 3027 607 3081 aderat
643 3035 911 3097 promissa
946 3036 1081 3104 dies,
1120 3041 1179 3092 et
1216 3042 1464 3108 tempora
1501 3039 1712 3096 Parcae

243 3095 365 3150 bita
396 3101 740 3166 conplerant:
776 3123 901 3162 cum
935 3110 1104 3164 Turni
1133 3113 1332 3167 iniuria
1367 3113 1609 3168 Matrem
