2163 3401
732 100 1094 149 AENEIDOS
1126 101 1266 153 LIB.
1304 101 1404 149 Vt.
1827 100 1917 150 197

216 180 453 237 Tantum
489 182 702 249 effatus,
739 185 798 235 et
831 181 889 234 in
924 181 1093 235 verbo
1128 182 1360 250 vestigia
1394 183 1572 237 torsit.

284 258 535 327 Respicit
573 259 794 311 Aeneas
829 257 1026 325 subito,
1065 260 1125 312 et
1162 257 1263 311 sub
1298 274 1437 327 rupe
1474 258 1693 313 sinistra

216 332 435 386 Moenia
470 334 584 387 lata
619 332 784 399 videt,
821 332 1023 401 triplici
1060 333 1399 387 circumdata
1433 350 1606 401 muro,

217 408 370 473 Quae
407 410 632 477 rapidus
669 409 902 461 flammis
938 408 1112 462 ambit
1148 409 1486 462 torrentibus
1523 408 1713 477 amnis,
1850 422 1922 463 550

217 484 513 538 Tartareus
550 484 907 553 Phlegethon,
945 488 1283 553 torquetque
1320 486 1568 538 sonantia
1604 501 1750 539 saxa.

217 560 387 614 Porta
423 561 668 627 adversa,
705 561 910 629 ingens,
948 560 1230 629 solidoque
1266 560 1557 614 adamante
1593 562 1887 624 columnae,

221 636 316 689 Vis
353 640 421 690 ut
459 637 606 689 nulla
639 638 834 704 virum,
873 653 980 689 non
1015 636 1121 704 ipsi
1158 636 1479 691 exscindere
1513 637 1659 691 bello

217 713 520 766 Caelicolae
555 713 802 778 valem1t3
849 716 963 766 stat
997 714 1179 766 ferrea
1215 714 1383 766 turris
1418 713 1491 767 ad
1526 730 1701 781 auras,

217 788 618 857 Tisiphoneque
655 788 868 855 sedens,
907 789 1052 858 palla
1088 789 1360 843 succincta
1394 794 1631 855 cruenta,
1853 802 1924 842 555

223 864 567 918 Vestibulum
603 866 876 919 exsomnis
913 867 1098 919 servat
1134 868 1429 934 noctesque
1466 865 1708 934 diesque.

221 941 364 994 Hinc
403 942 652 995 exaudiri
689 942 940 1009 gemitus,
981 945 1039 995 et
1076 958 1237 995 saeva
1274 958 1465 996 sonare

223 1016 498 1083 Verbera3
541 1022 660 1071 tum
697 1018 900 1071 stridor
933 1018 1081 1085 ferri,
1118 1021 1439 1087 tractaeque
1474 1021 1714 1071 catenae.

221 1093 482 1147 Constitit
522 1095 755 1162 Aeneas,
792 1094 1139 1163 strepituque
1176 1094 1475 1161 exterritus
1509 1094 1699 1148 haesit.

221 1169 370 1233 Quae
409 1170 675 1223 scelerum
709 1171 907 1223 facies?
949 1186 984 1222 o
1019 1170 1189 1238 virg0,
1227 1169 1423 1236 effar03
1461 1170 1725 1239 quibusve
1851 1184 1924 1225 wo

221 1246 542 1314 Urguentur
575 1247 796 1315 poenis?
836 1247 958 1316 quis
995 1245 1185 1299 tantus
1216 1246 1446 1315 plangor
1482 1246 1554 1299 ad
1589 1250 1785 1302 auras?

221 1322 356 1375 Tum
395 1325 550 1375 vates
587 1322 663 1375 sic
699 1339 822 1375 orsa
855 1322 1033 1391 loqui:
1080 1322 1207 1375 Dux
1244 1323 1449 1376 inclute
1486 1322 1767 1391 Teucrum,

222 1398 372 1451 Nulli
410 1398 494 1451 fas
529 1402 678 1452 casto
715 1399 1039 1453 sceleratum
1077 1398 1331 1452 insistere
1367 1398 1563 1463 limen3

221 1473 332 1528 Sed
366 1490 458 1527 me
495 1490 617 1527 cum
650 1475 786 1528 lueis
825 1474 1037 1528 Hecate
1073 1474 1343 1543 praefecit
1380 1474 1629 1541 Avernis,

221 1551 352 1620 Ipsa
389 1550 556 1604 deum
589 1567 790 1619 poenas
827 1552 1028 1616 docuit,
1066 1568 1278 1620 perque
1313 1551 1494 1603 omnia'
1529 1549 1703 1603 duxit.
1856 1564 1927 1605 565

221 1627 458 1681 Gnosius
493 1626 627 1679 haec
667 1627 1117 1681 Rhadamanthus
1153 1626 1334 1692 habet,
1375 1624 1667 1680 durissima
1698 1642 1884 1696 regna,

221 1705 582 1772 Castigatque
618 1704 880 1774 auditque
919 1704 1086 1773 dolos,
1124 1703 1440 1772 subigitque
1475 1703 1656 1776 fateri,

222 1780 375 1844 Quae
413 1780 536 1849 quis
573 1781 720 1850 apud
758 1798 998 1850 superos,
1029 1782 1179 1834 furto
1213 1781 1451 1834 laetatus
1486 1781 1649 1849 inani,

222 1857 454 1910 Distulit
488 1856 546 1909 in
583 1861 759 1910 seram
797 1857 1085 1911 commissa
1119 1855 1331 1926 piacula
1364 1860 1613 1912 mortem.

223 1933 492 1987 Continuo
530 1933 700 1986 sontis
735 1934 906 1987 ultrix
923 1977 928 1981 .
943 1934 1185 1987 accincta
1219 1934 1433 2002 flagello
1857 1947 1929 1988 570

222 2009 515 2080 Tisiphone
553 2010 734 2076 quatit
769 2010 1050 2078 insultans,
1090 2014 1380 2080 torvosque
1417 2011 1637 2066 sinistra

226 2087 516 2140 Intentans
553 2087 740 2154 anguis
776 2085 935 2140 vocat
970 2087 1187 2154 agmina
1223 2103 1383 2140 saeva
1418 2104 1677 2141 sororum.

221 2163 357 2216 Tum
397 2163 622 2216 demum
657 2162 946 2216 horrisono*
981 2163 1281 2217 stridentes
1317 2163 1537 2216 cardine
1574 2179 1761 2217 sacrae

225 2239 549 2293 Panduntur
583 2242 788 2307 portae.
867 2239 1028 2293 Cerni
1039 2257 1071 2307 ³,
1110 2239 1359 2292 custodia
1396 2239 1572 2309 qualis

221 2315 518 2370 vestibulo
556 2316 780 2371 sedeat?
819 2316 981 2370 facies
1017 2333 1159 2384 quae
1194 2315 1381 2369 limina
1418 2316 1633 2370 servet?
1858 2330 1929 2371 575

223 2392 633 2460 Quinquaginta
669 2393 807 2446 atris
841 2393 1073 2446 inmanis
1108 2391 1349 2446 hiatibus
1388 2391 1583 2460 Hydra

221 2468 448 2522 Saevior
482 2469 630 2522 intus
668 2469 835 2522 habet
871 2467 1076 2523 sedem.
1149 2468 1285 2522 Tum
1323 2468 1587 2522 Tartarus
1622 2469 1742 2537 ipse

222 2544 320 2598 Bis
356 2547 514 2612 patet
549 2543 605 2597 in
642 2561 902 2613 praeceps
937 2548 1154 2598 tantum
1190 2545 1482 2614 tenditque
1518 2544 1620 2598 sub
1654 2543 1894 2611 umbras,

221 2620 476 2685 Quantus
513 2620 587 2674 ad
621 2620 930 2674 aetherium
967 2620 1103 2674 caeli
1142 2623 1425 2689 suspectus
1462 2619 1767 2688 Olympum.

221 2697 334 2751 Hie
369 2702 544 2765 genus
579 2697 866 2766 antiquum
904 2696 1120 2764 Terrae,
1158 2695 1369 2749 Titania
1403 2693 1591 2763 pubeS,
1857 2701 1945 2748 σου·

223 2773 478 2827 Fulmine
516 2772 715 2827 deiecti
750 2773 921 2826 fundo
957 2772 1249 2826 volvuntur
1281 2771 1336 2824 in
1372 2770 1494 2824 imo.

223 2849 335 2903 Hic
373 2853 431 2903 et
468 2848 697 2904 Aloidas
733 2849 980 2917 geminos
1013 2848 1249 2902 inmania
1283 2847 1395 2900 vidi

221 2925 486 2995 Corpora,
522 2926 614 2993 qui
651 2924 900 2978 manibus
937 2939 1197 2992 magnum
1234 2923 1548 2978 rescindere
1584 2924 1795 2978 caelum

222 3001 511 3070 Adgressi‚
547 3001 871 3070 superisque
910 3000 1100 3054 Iovem
1136 2999 1435 3053 detrudere
1469 2999 1665 3066 regnis.

219 3073 355 3132 Vidi
393 3080 454 3131 et
487 3076 727 3131 erudelis
764 3076 989 3128 dantem
1027 3075 1317 3128 Salmonea
1350 3089 1569 3141 poenaS,
1859 3086 1931 3124 585

220 3153 370 3207 Dum
406 3153 654 3206 flammas
691 3151 840 3203 Iovis
876 3152 936 3202 et
971 3149 1179 3202 sonitus
1211 3148 1457 3200 imitatur
1493 3144 1724 3214 Olympi.
