2163 3401
791 120 1161 168 AENEIDOS
1203 121 1341 169 LlB.
1388 121 1454 170 V.
1877 119 1969 170 175

254 201 340 256 Ut
377 200 656 270 quondam
694 200 859 255 Creta
892 202 1073 256 fertur
1110 201 1481 272 Labyrinthus
1512 200 1569 254 in
1604 200 1719 255 alta

251 276 576 332 Parietibus
610 280 829 332 textum
865 279 1038 334 caeeis
1073 279 1197 345 iter,
1236 278 1637 346 ancipitemque

249 356 414 410 Mille
449 355 554 408 viis
588 355 843 410 habuisse
881 356 1081 426 dolum,
1119 373 1229 425 qua
1268 356 1424 424 signa
1460 355 1724 424 sequendi
1898 369 1975 408 ωῦ

250 432 506 486 Falleret
541 432 900 500 indeprensus
936 437 994 488 et
1027 432 1396 486 inremeabilis
1432 449 1615 494 errem

253 512 306 563 11
313 510 430 564 aud
467 510 576 563 alio
611 509 880 562 Teucrum
917 510 1034 564 nati
1069 511 1301 578 vestigia
1336 526 1496 562 cursu

251 587 578 656 Inpediunt,
615 581 922 655 texuntque
956 587 1116 654 fugas
1153 591 1211 639 et
1244 587 1451 656 proelia
1486 585 1636 651 lude,

247 663 594 732 Delphinum
629 663 846 729 simileS,
885 663 978 731 qui
1013 679 1115 731 per
1148 663 1323 716 maria
1356 662 1581 716 humida
1614 662 1795 716 nando

246 740 616 809 Carpathium
642 740 1015 808 Libycumque
1041 742 1229 793 secant
1260 739 1588 808 [luduntque
1624 756 1727 809 per
1755 737 1969 808 undas]-

247 821 424 873 Hunc
460 834 668 871 morem
704 833 897 870 cursus
931 821 1099 886 atque
1136 816 1269 869 haee
1304 817 1603 870 certamina
1636 817 1845 884 primus

246 896 545 963 Ascanius,
583 895 825 970 Longam
860 895 1032 947 muris
1065 906 1188 947 cum
1224 895 1469 962 cingeret
1506 893 1720 960 Albam,

247 972 507 1028 Rettulit
541 974 602 1025 et
635 973 842 1041 priscos
878 971 1065 1025 docuit
1081 970 1381 1024 ‘celebrare
1419 969 1659 1035 Latinos,

247 1051 378 1116 Quo
414 1065 556 1118 puer
589 1049 708 1118 ipse
745 1048 922 1115 mode,
959 1063 1146 1101 seeum
1182 1064 1289 1117 quo
1326 1045 1485 1100 Troia
1517 1045 1720 1114 pubes3

247 1127 464 1182 Albani
505 1125 738 1179 docuere
776 1141 932 1188 suos;
969 1125 1097 1178 hine
1134 1141 1389 1177 maxuma
1424 1139 1615 1192 porro,
1893 1135 1967 1175 ooo

249 1209 296 1261 A
309 1205 494 1272 eoepit
533 1202 720 1268 Roma,
759 1206 817 1256 et
851 1201 1088 1270 patrium
1128 1201 1364 1254 servavit
1397 1201 1687 1264 honorem;

245 1281 528 1349 Troiaque
567 1295 707 1332 nune
741 1279 910 1347 pueri,
950 1278 1242 1330 Troianum
1279 1277 1481 1331 dieitur
1518 1293 1726 1344 agmen.

247 1359 380 1411 Hae
416 1355 696 1410 celebrata
732 1358 894 1408 tenus
931 1358 1119 1407 saneto
1155 1355 1453 1406 certamina
1488 1354 1643 1421 patri.

323 1434 439 1488 Hie
473 1433 708 1502 primum
749 1431 994 1484 Fortuna
1027 1430 1196 1482 fidem
1234 1433 1447 1483 mutata
1481 1429 1711 1482 novavit.

245 1512 418 1566 Dum·
443 1510 604 1563 variis
638 1508 851 1562 tumulo
887 1507 1137 1560 referunt
1172 1506 1453 1559 sollemnia
1487 1505 1645 1572 ludis,
1893 1517 1967 1557 ωε

249 1590 395 1645 Irim
433 1587 506 1641 de
541 1586 690 1640 caelo
726 1585 875 1638 misit
911 1584 1169 1637 Saturnia
1208 1582 1346 1635 Iuno

248 1668 485 1722 Iliacam
517 1663 590 1718 ad
625 1662 867 1726 classem,
901 1663 1205 1730 ventosque
1242 1659 1489 1728 adspirat
1524 1658 1690 1724 eunti,

247 1745 440 1799 Multa
474 1758 712 1807 movenS,
747 1739 978 1792 necdum
1016 1738 1301 1805 antiquum
1340 1740 1585 1789 saturata
1621 1735 1882 1790 dolorem.

249 1823 379 1887 Illa,
417 1820 558 1873 viam
596 1817 840 1871 celerans
877 1832 977 1883 per
1010 1814 1158 1867 mille
1194 1812 1464 1867 coloribus
1498 1828 1698 1879 areum,

247 1898 410 1953 Nulli
447 1896 561 1949 visa
597 1896 705 1949 cito
742 1892 986 1947 decurrit
1023 1892 1246 1945 tramite
1283 1890 1448 1958 virgo,
1894 1902 1967 1942 mo

247 1975 534 2043 Conspicit
567 1974 847 2041 ingentem
883 1984 1216 2033 coneursum,
1253 1971 1311 2021 et
1345 1967 1509 2020 litora
1542 1965 1757 2031 lustrat,

253 2055 648 2118 Desertosque
670 2048 822 2101 videt
858 2050 1048 2115 portus
1085 2046 1421 2113 classemque
1457 2043 1716 2097 relictam.

256 2134 339 2187 At
378 2128 566 2199 procul
601 2126 659 2179 in
695 2125 810 2179 sola
845 2128 1091 2177 secretae
1128 2122 1367 2175 Troades
1404 2124 1527 2173 acta
1762 2152 1767 2157 -

256 2208 542 2262 Amissum
583 2202 856 2257 Anchisen
893 2201 1119 2267 flebant,
1155 2201 1493 2264 cunctaeque
1528 2193 1860 2263 profundum

259 2286 498 2338 Pontum
533 2279 929 2349 adspectabant
965 2278 1173 2331 flentes.
1216 2275 1340 2327 Heu
1374 2276 1461 2325 tot
1494 2270 1636 2323 vada
1670 2270 1825 2323 fessis
1894 2284 1965 2323 615

257 2363 328 2415 Et
367 2363 586 2415 tantum
623 2373 908 2425 superesse
944 2355 1137 2407 maris!
1180 2368 1283 2404 vox
1320 2348 1569 2402 omnibus
1604 2362 1722 2399 una.

257 2437 470 2491 Urbem
507 2437 694 2497 orant;
732 2432 922 2486 tazdet
957 2430 1136 2499 pelagi
1171 2427 1415 2496 perferre
1452 2424 1707 2477 laborem.

253 2518 404 2581 Ergo
438 2514 586 2567 inter
620 2509 828 2563 medias
865 2524 984 2560 sese
1019 2506 1169 2558 haud
1204 2504 1395 2571 ignara
1429 2499 1659 2553 nocendi

251 2590 506 2653 Coniicit,
542 2592 600 2642 et
635 2588 934 2654 faciemque
971 2584 1109 2635 deae
1146 2585 1463 2647 vestemque
1498 2577 1743 2645 reponit;

255 2672 352 2724 Fit
390 2660 583 2732 Beroe,
623 2663 837 2718 Ismarii
875 2662 1107 2713 coniunx
1144 2659 1406 2724 longaeva
1442 2652 1673 2720 Dorycli,
1892 2666 1965 2705 oso

253 2746 360 2800 Cui
394 2759 570 2813 genus
609 2746 668 2795 et
705 2738 976 2810 quondam
1014 2751 1210 2789 nomen
1248 2733 1471 2800 natique
1506 2730 1765 2792 fuissent;

255 2827 342 2877 Ae
382 2822 461 2874 sic
498 2818 878 2873 Dardanidum
913 2813 1150 2867 mediam
1188 2827 1247 2862 se
1284 2808 1548 2862 matribus
1583 2806 1772 2859 infert:

251 2902 298 2952 Ο
340 2900 591 2964 miserae,
631 2912 768 2964 quas
805 2910 909 2945 non
946 2906 1152 2954 manuS,
1189 2887 1384 2955 inquit,
1426 2883 1663 2937 Achaica
1699 2881 1839 2933 bello

248 2974 514 3030 Traxerit
549 2972 623 3026 ad
656 2973 830 3024 letum
865 2967 1076 3036 patriae
1113 2962 1213 3017 sub
1250 2960 1559 3014 moenibus!
1599 2973 1634 3009 o
1667 2973 1800 3021 gens

249 3052 476 3119 Infelix,
513 3050 601 3104 cui
636 3053 694 3103 te
730 3045 898 3098 exitio
936 3043 1181 3094 Fortuna
1214 3036 1491 3089 reservat?
1889 3042 1961 3079 625

243 3132 525 3199 Septuma
558 3127 686 3194 post
723 3121 916 3173 Troiae
951 3114 1251 3169 exscidium
1285 3112 1393 3163 iam
1424 3108 1663 3185 ⁴vertitur
1696 3106 1891 3167 aestas,

241 3210 395 3263 Gutn
435 3206 596 3265 f:·c'a,
634 3216 756 3253 eum
795 3199 972 3249 terras
1007 3190 1197 3247 omnis,
1232 3189 1318 3238 tot
1352 3181 1629 3249 inhospita
1663 3192 1793 3231 saxa
