2163 3401
790 104 1161 155 AENEIDOS
1195 106 1331 159 LIB.
1371 108 1470 157 IX.
1859 115 1960 163 ’268

262 188 329 247 lt,
354 189 561 243 clamor
594 189 729 243 totis
768 206 868 259 per
903 192 1310 259 propugnacula
1345 196 1548 259 muris;

262 263 571 319 intendunt
608 266 749 318 acris
783 282 957 333 arcus,
990 272 1322 337 amentaque
1358 274 1634 340 torquent.
1889 289 1964 329 σω

260 339 545 394 Sternitur
580 357 739 395 omne
776 342 949 395 solum
989 343 1143 409 telis3
1187 347 1308 398 tum
1345 352 1502 401 scuta
1533 363 1810 417 cavaeque

260 414 411 469 Dant
446 416 685 469 sonitum
722 417 876 472 flictu
908 418 1128 487 galeae5
1169 437 1354 490 pugna
1387 439 1582 492 aspera
1616 424 1822 491 surgit:

260 492 511 556 Quantus
546 491 617 545 ab
654 509 847 547 occasu
883 495 1106 549 veniens
1138 496 1468 565 pluvialibus
1506 498 1722 553 Haedis

260 566 538 621 Verberat
572 568 750 623 imber
784 570 1043 636 humum3
1092 588 1256 641 quam
1289 574 1462 628 multa
1487 574 1756 641 grandine
1785 575 1958 629 nimbi

261 642 328 696 In
351 643 497 697 vada
518 645 896 714 praecipitant,
919 662 1045 705 cum
1072 648 1326 717 Iuppiter
1349 650 1606 704 horridus
1629 651 1832 705 austris
1887 667 1960 706 670

258 719 505 788 Torquet
527 737 786 790 aquosam
810 721 1045 777 hiemem
1083 727 1142 777 et
1177 724 1326 778 caelo
1360 742 1492 779 cava
1520 725 1707 780 nubila
1735 728 1958 795 rumpit.

328 796 617 858 Pandarus
652 800 712 849 et
748 796 940 865 Bitias,
979 798 1151 853 Idaeo
1189 799 1458 855 Alcanore
1493 802 1646 870 creti,

258 870 409 936 Quos
446 872 473 924 1
479 871 594 925 ovis
629 872 824 926 eduxit
856 873 977 927 luco
1013 874 1281 929 silvestris
1321 875 1496 945 Iaera,

258 947 557 1002 Abietibus
592 949 815 1003 iuvenes
850 950 1043 1018 patriis
1080 954 1140 1005 ct
1175 951 1451 1005 montibus
1486 969 1704 1022 aequos,

259 1024 501 1091 Portam,
538 1041 678 1093 quae
714 1024 869 1079 ducis
904 1026 1117 1095 inperio
1152 1027 1454 1094 commissa,
1489 1028 1796 1095 recludunt,
1885 1043 1957 1085 675

256 1099 415 1154 Freti
448 1101 629 1168 armis,
666 1101 924 1169 ultroque
959 1102 1197 1157 invitant
1232 1104 1515 1157 moenibus
1551 1104 1783 1159 hostem.

258 1176 374 1245 Ipsi
410 1175 559 1230 intus
596 1178 795 1230 dextra
830 1194 893 1231 ac
928 1177 1084 1232 laeva
1117 1195 1218 1246 pro
1254 1179 1500 1233 turribus
1534 1182 1771 1251 adstant,

258 1253 480 1318 Armati
514 1253 657 1307 ferro
694 1258 753 1308 et
788 1254 967 1308 cristis
1003 1255 1185 1323 capita.
1219 1255 1330 1309 alta
1366 1258 1597 1312 corusci:

255 1328 458 1393 Quales
498 1329 679 1387 aeriae
719 1329 987 1398 liquentia
1024 1330 1250 1384 flumina
1289 1332 1505 1400 circum,

255 1405 382 1459 Sive
423 1404 562 1458 Padi
600 1405 750 1474 ripiS,
794 1406 1049 1463 Athesim
1091 1423 1190 1459 seu
1224 1411 1450 1476 propter
1486 1425 1789 1477 amoenum,
1883 1424 1956 1462 aso

254 1480 609 1549 Consurgunt
642 1481 891 1549 geminae
926 1500 1158 1551 quercus
1192 1482 1516 1552 intonsaque
1551 1484 1698 1538 caelo

258 1558 543 1611 Attollunt
582 1558 764 1626 capita
800 1561 859 1611 et
898 1558 1118 1614 sublimi
1159 1558 1364 1612 vertice
1401 1562 1612 1613 nutant.

256 1631 605 1703 Inrumpunt,
646 1634 829 1687 aditus
868 1634 1063 1688 Rutuli
1101 1638 1166 1689 ut
1202 1634 1392 1688 videre
1430 1634 1687 1704 patentis.

256 1709 529 1763 Continuo
570 1709 847 1774 Quercens
884 1714 943 1765 et
979 1710 1206 1779 pulcher
1246 1710 1546 1780 Aquicolus
1582 1711 1748 1764 armis

260 1784 331 1838 Et
370 1802 631 1854 praeceps
672 1786 838 1841 animi
876 1786 1106 1840 Tmarus
1143 1789 1201 1840 et
1244 1786 1548 1842 Mavortius
1587 1787 1838 1841 Haemon
1882 1803 1955 1841 sss

255 1861 586 1929 Agminibus
623 1863 756 1916 totis
794 1865 893 1916 aut
928 1862 1073 1916 versi
1111 1866 1270 1930 terga
1308 1862 1526 1931 dedere,

256 1937 379 1990 Aut
413 1936 533 2005 ipso
568 1942 761 2006 portae
798 1955 1032 2007 posuere
1072 1938 1131 1990 in
1169 1938 1355 1993 limine
1393 1939 1574 1994 vitam.

254 2012 396 2066 Tum
426 2014 600 2082 magis
638 2015 948 2069 increscimt
984 2014 1179 2068 animis
1229 2015 1569 2071 discordibus
1605 2016 1747 2080 irae;
1845 2065 1850 2070 .

256 2088 331 2143 Et
366 2088 477 2142 iam
515 2089 727 2144 collecti
766 2090 933 2144 Troes
968 2090 1343 2158 glomerantur
1385 2091 1593 2157 codem,
1683 2141 1691 2147 .

253 2163 329 2218 Et
368 2161 616 2219 conferre
656 2163 877 2223 manum
914 2169 973 2224 et
1010 2182 1331 2235 procurrere
1367 2166 1579 2232 longius
1615 2165 1837 2222 audent.
1882 2181 1956 2220 eso

276 2271 289 2280 ·
310 2240 553 2306 ,Ductori
596 2241 793 2308 Turno,
818 2241 1047 2299 ⁴diversa
1086 2241 1144 2296 in
1181 2245 1338 2310 parte
1374 2240 1579 2294 furenti

252 2316 631 2386 Turbantiqne
669 2318 829 2386 vir08,
871 2319 1149 2386 perfertur
1190 2316 1428 2383 nuntius,
1465 2317 1685 2371 hostem-

253 2394 493 2448 Fervere
525 2395 692 2449 caede
730 2410 887 2461 nova,-
924 2398 983 2449 et
1020 2397 1208 2463 portas
1240 2393 1506 2463 praebere
1543 2393 1802 2463 patentis.

250 2469 478 2524 Deserit
514 2471 810 2541 inceptum,
846 2473 1015 2538 atque
1053 2470 1260 2524 inmani
1300 2469 1542 2524 concitus
1577 2469 1659 2524 ira

251 2546 590 2611 Dardaniam
625 2547 737 2600 ruit
786 2547 859 2600 ad
912 2549 1127 2614 portam
1168 2546 1482 2614 fratresque
1521 2547 1798 2614 superbos.
1883 2560 1957 2599 605

249 2621 327 2687 Et
363 2624 601 2690 primum
642 2622 999 2693 Antiphaten,
1038 2622 1087 2675 is
1127 2621 1272 2675 enim
1311 2637 1370 2674 se
1411 2620 1621 2689 primus
1663 2619 1883 2690 agebat,

248 2697 513 2751 Thebana
552 2699 625 2752 de
662 2703 839 2753 matre
875 2698 1106 2752 nothum
1145 2697 1474 2766 Sarpedonis
1513 2696 1627 2764 alti,

249 2773 511 2828 Coniecto
544 2775 745 2829 sternit
779 2773 981 2840 iaculo;
1029 2773 1176 2827 volat
1216 2773 1362 2827 Itala
1397 2789 1593 2826 cornus

251 2852 415 2914 Aera⁸
437 2867 541 2919 per
574 2856 843 2919 tenerum,
878 2850 1266 2918 stomachoque
1291 2849 1470 2903 'infixa
1506 2847 1606 2902 sub
1643 2849 1816 2904 altum

252 2926 459 2981 Pectus
497 2927 645 2993 abit;
692 2927 883 2981 reddit
920 2943 1114 2994 specus
1149 2926 1256 2980 atri
1293 2925 1528 2980 volneris
1563 2925 1768 2978 undam
1879 2941 1954 2980 700

246 3002 629 3072 Spumantem,
674 3007 731 3057 ct
769 3003 879 3055 fixo
913 3003 1122 3054 ferrum
1156 3001 1212 3053 in
1249 3001 1504 3068 pulmone
1539 3001 1788 3068 tepescit.

249 3077 416 3132 Tum·
440 3078 725 3146 Meropem
780 3080 948 3145 atque
989 3076 1288 3141 Erymanta
1343 3091 1522 3142 manu,
1578 3077 1700 3128 tum
1755 3073 1955 3128 sternit

394 3153 787 3222 Aphidnumz.
1103 3201 1110 3206 .
1641 3199 1654 3203 -
1717 3193 1947 3204 .-,-,..
