2163 3401
777 72 1192 122 GEORGICON
1228 76 1366 127 LIB.
1404 78 1502 128 IV.

270 150 515 207 Inferias
554 151 761 221 Orphei
800 152 1046 207 Lethaea
1080 171 1356 224 papavera
1392 159 1594 229 mitten,

268 230 349 282 Et
386 230 597 296 nigram
630 230 901 283 mactabis
946 248 1117 299 ovem,
1159 232 1448 303 lucumque
1484 237 1714 304 reviscs3

269 306 560 361 Placatam
598 305 907 375 Eurydicen
950 309 1122 363 vitula
1160 311 1490 367 venerabere
1525 330 1696 369 caesa.

348 383 519 437 Haud
556 399 740 451 mora;
778 387 1035 439 continuo
1076 387 1268 440 matris
1306 395 1600 460 praecepta
1635 392 1882 459 facessit3

272 461 376 515 Ad
413 460 643 515 delubra
677 462 841 530 venit,
884 468 1216 517 monstratas
1256 467 1462 519 excitat
1497 484 1633 534 arae,

273 538 553 601 Quattuor
591 539 819 593 eximios
856 541 1160 609 praestanti
1199 560 1424 615 corpore
1460 546 1646 598 tauros

271 615 458 682 Ducit,
496 618 553 667 et
587 616 797 669 intacta
838 616 1071 672 totidem
1113 621 1320 673 cervice
1355 621 1618 675 iuvencas.

273 690 427 759 Post,
466 691 558 745 ubi
595 710 737 747 nona
775 711 901 747 suos
941 696 1159 750 Aurora
1195 697 1486 751 induxerat
1523 700 1692 766 ortus,

273 768 511 821 Inferias
550 768 754 839 Orphei
796 770 984 838 mittit,
1023 771 1313 841 lucumque
1352 774 1551 827 revisit.

275 844 389 897 llic
424 863 553 899 vero
592 847 834 900 subitum
872 864 935 901 ac
972 847 1124 903 dictu
1162 850 1410 904 mirabile
1445 854 1748 904 monstrum

276 923 585 990 Aspiciunt,
623 924 917 993 liquefacta
952 924 1118 979 boum
1153 942 1256 994 per
1291 928 1497 981 viscera
1531 930 1650 981 toto

273 998 527 1053 Str-idere
563 1017 695 1069 apes
730 1004 891 1054 utero
927 1005 987 1055 et
1020 1003 1200 1071 ruptis
1236 1004 1498 1057 effervere
1533 1004 1712 1071 costis,

274 1082 674 1147 Inmensasque
710 1078 854 1131 trahi
887 1078 1076 1148 nubea,
1111 1080 1329 1149 iamque
1365 1080 1560 1135 arbore
1596 1096 1806 1135 summa

274 1155 569 1209 Confluere
605 1158 665 1207 et
700 1154 865 1206 lentis
901 1171 1061 1207 uvam
1101 1155 1398 1209 demittere
1432 1158 1609 1210 ramis·

346 1310 505 1363 Haec
538 1325 703 1375 super
737 1324 988 1362 arvorum
1024 1310 1178 1362 cultu
1211 1326 1576 1379 pecorumque
1611 1312 1870 1366 canebam

272 1388 351 1441 Et
390 1401 554 1453 super
590 1383 887 1450 arboribuS,
925 1384 1126 1438 Caesar
1161 1385 1291 1438 dum
1315 1402 1543 1453 magnus
1572 1386 1645 1439 ad
1671 1388 1843 1442 altum

273 1462 556 1517 Fulminat
593 1459 911 1528 Euphraten
947 1459 1106 1525 belle,
1145 1462 1424 1531 victorque
1460 1462 1694 1516 volentis

271 1539 387 1592 Per
419 1537 651 1607 populos
688 1534 786 1588 dat
819 1537 952 1606 iura,
989 1538 1242 1607 viamque
1280 1539 1522 1591 adfectat
1560 1538 1802 1609 Olympo-

271 1617 381 1669 Illo
418 1613 726 1681 Vergilium
764 1630 853 1666 me
888 1617 1136 1683 tempore
1175 1615 1348 1671 dulcis
1385 1614 1568 1668 alebat

254 1693 641 1760 Parthenope,
680 1690 875 1744 studiis
912 1690 1198 1748 florentem
1235 1691 1485 1763 ignobilis
1522 1692 1615 1760 oti,

271 1771 533 1827 Carmina
567 1768 662 1836 qui
695 1767 799 1821 lusi
834 1772 1128 1838 pastorum,
1165 1771 1452 1839 audaxque
1487 1769 1722 1839 iuventa,

270 1849 475 1916 Tityre,
511 1847 573 1899 te
606 1844 830 1913 patulae
863 1845 1031 1898 cecini
1067 1846 1169 1899 sub
1204 1847 1445 1916 tegmine
1480 1846 1607 1914 fagi.

1911 1404 1986 1444 ⁶⁰0
