2163 3401
172 100 267 145 204
649 97 709 145 Ρ.
750 96 1055 146 VERGILI
1089 96 1423 146 MARONIS

170 177 307 231 Illae
342 181 539 244 autem,
575 176 799 245 paribus
833 194 969 244 quas
999 177 1208 245 fulgere
1242 178 1420 231 cernis
1453 178 1508 231 in
1541 182 1724 249 armis,

170 254 479 308 Concordes
514 254 725 307 animae
758 270 900 306 nunc
936 259 994 307 et
1029 254 1160 307 dum
1195 258 1354 309 nocte
1386 262 1723 324 premuntur,

171 332 298 384 Heu
335 334 597 398 quantum
632 330 779 383 inter
812 346 871 383 se
907 329 1126 397 bellum,
1165 332 1207 384 si
1244 332 1446 385 lumina
1480 333 1625 387 vitae

170 408 494 475 Attigerint‚
534 409 767 475 quantas
804 407 947 459 acies
984 410 1336 475 stragemque
1373 408 1620 465 ciebunt!

169 481 481 551 Aggeribus
517 498 671 535 socer
709 482 927 550 Alpinis
964 488 1132 551 atque
1169 501 1294 537 arce
1331 485 1580 539 Monoeci
1807 501 1882 541 8³0

171 560 536 626 Descendens,
572 575 741 626 gener
776 559 1020 613 adversis
1057 560 1357 614 instructus
1393 561 1535 614 Eois,

170 636 271 703 Ne,
305 637 473 705 pueri,
511 652 581 689 ne
617 639 771 688 tanta
806 636 999 688 animis
1036 636 1343 691 adsuescite
1377 636 1537 704 bella,

169 713 292 766 Neu
328 713 541 781 patriae
576 710 783 765 validas
817 711 873 764 in
911 712 1119 765 viscera
1152 714 1350 767 vertite
1386 713 1544 779 viris3

170 789 359 858 Tuque
392 790 555 857 prior,
594 792 657 841 tu
692 804 867 855 parce,
905 804 1079 856 genus
1117 788 1210 857 qui
1249 789 1399 842 ducis
1436 789 1686 858 Olympo,

172 864 380 918 Proiiee
417 866 529 918 tela
565 882 741 927 manu,
782 864 1003 932 sanguis
1041 881 1194 917 meus
1213 868 1296 917 1-
1809 879 1878 919 8³5

171 940 273 995 Ille
309 942 642 1009 triumphata
681 941 950 1009 Capitolia
986 940 1057 993 ad
1092 941 1204 994 alta
1242 940 1505 996 Corintho

170 1016 361 1070 Victor
397 1021 525 1085 aget
560 1014 793 1083 currum,
830 1015 1003 1069 caesis
1038 1016 1263 1084 insignis
1300 1017 1534 1070 Achivis.

172 1089 341 1147 Eruet
377 1093 468 1146 ille
505 1095 687 1160 Argos
727 1092 1300 1161 Agamemnoniasque
1335 1092 1606 1161 Mycenas,

171 1165 465 1238 Ipsumque
504 1168 798 1234 Aeaciden,
834 1184 1009 1235 genus
1046 1168 1424 1237 armipotentis
1460 1167 1682 1234 Achilli,

169 1244 331 1298 Ultus
367 1262 494 1298 avos
530 1244 736 1308 Troiae,
774 1244 981 1312 templa
1018 1249 1077 1297 ct
1114 1248 1381 1297 temerata
1417 1244 1714 1299 Minervae.
1803 1260 1874 1299 84⁰

171 1322 301 1388 Quis
327 1326 396 1385 te,
422 1338 615 1389 magne
642 1321 792 1385 Cat0,
828 1322 1071 1385 tacitum,
1111 1326 1206 1374 aut
1241 1324 1311 1385 te,
1347 1321 1528 1386 Cossc,
1564 1320 1871 1389 relinquat?

170 1396 300 1461 Quis
338 1397 566 1451 Gracchi
602 1414 789 1465 genus,
826 1401 923 1449 aut
959 1397 1218 1464 geminOS,
1257 1396 1365 1449 duo
1401 1396 1626 1449 fulmina
1663 1395 1804 1460 belli,

168 1473 461 1541 Scipiadas,
499 1473 709 1527 cladem
750 1472 966 1541 Libyae,
1003 1488 1278 1541 parvoque
1312 1475 1593 1540 potentem

170 1548 490 1615 Fabricium,
529 1549 613 1602 vel
651 1553 708 1603 tc
746 1548 908 1610 sulco,
948 1548 1196 1613 Serrano,
1233 1549 1544 1601 serentem?

169 1624 285 1689 Quo
320 1625 522 1678 fessum
561 1625 767 1693 rapitis,
808 1623 997 1677 Fabii?
1035 1629 1098 1677 tu
1134 1624 1426 1677 Maxumus
1459 1623 1552 1677 ille
1588 1639 1664 1691 es,
1799 1638 1870 1677 825

166 1700 321 1754 Unus
358 1702 453 1770 qui
486 1700 641 1754 nobis
678 1699 981 1754 cunctando
1018 1700 1266 1754 restituis
1300 1717 1430 1755 rem.

168 1776 453 1832 Excudent
492 1777 583 1830 alii
621 1777 883 1846 spirantia
916 1777 1130 1830 mollius
1166 1793 1305 1840 acra,

168 1852 344 1906 Credo
381 1853 651 1921 equidem,
673 1853 833 1912 ¹vivos
870 1852 1073 1906 ducent
1109 1851 1178 1905 dc
1214 1869 1484 1906 marmore
1521 1852 1711 1918 voltus,

168 1928 418 1983 Orabunt
454 1945 675 1992 caussas,
704 1929 911 1995 melius,
948 1927 1212 1996 caelique,
1227 1932 1438 1981 meatus
1475 1991 1480 1994 ,

166 2003 489 2058 Describent
524 2005 676 2058 radio
714 2007 771 2057 et
807 2003 1087 2071 surgentia
1123 2003 1302 2056 sidera
1337 2003 1548 2070 dicent:
1798 2018 1875 2058 850

166 2080 247 2132 Tu
284 2095 474 2146 regere
510 2080 717 2148 inperio
752 2080 991 2149 populos,
1030 2079 1292 2145 Romane,
1327 2084 1601 2133 memento
1616 2101 1630 2145 3

169 2156 291 2209 Hae
327 2156 428 2208 tibi
464 2160 627 2209 erunt
662 2159 837 2220 artes;
873 2154 1131 2224 pacisque
1168 2155 1426 2224 inponere
1460 2172 1684 2223 morem,

169 2232 399 2286 Parcere
435 2231 705 2296 subiectis,
744 2236 801 2285 et
837 2231 1114 2285 debellare
1151 2231 1427 2300 superbos.

236 2307 323 2361 Sic
359 2311 516 2376 pater
555 2307 830 2372 Anchises,
868 2311 1034 2375 atque
1069 2307 1206 2362 haec
1240 2307 1566 2362 mirantibus
1599 2307 1788 2362 addit:

170 2383 382 2452 Aspice,
419 2388 483 2436 ut
512 2383 740 2450 insignis
776 2384 961 2451 spoliis
999 2383 1291 2437 Marcellus
1326 2383 1520 2452 opimis
1799 2397 1873 2437 855

170 2458 499 2527 Ingreditur,
536 2459 815 2526 victorque
850 2459 994 2513 viros
1032 2460 1402 2528 supereminet
1439 2458 1637 2514 omnis!

170 2535 279 2589 Hic
305 2552 423 2588 rem
462 2535 778 2601 Romanam,
816 2552 1014 2604 magno
1054 2535 1311 2590 turbante
1350 2535 1605 2600 tumultu,

169 2612 352 2678 Sistet‚
388 2629 555 2681 eques
592 2616 803 2665 sternet
842 2611 1051 2666 Poenos
1091 2611 1415 2681 Gallumque
1451 2610 1728 2676 rebellem,

169 2686 461 2753 Tertiaque
496 2704 648 2741 arma
680 2689 826 2757 patri
862 2689 1162 2757 suspendet
1200 2692 1360 2757 capta
1398 2687 1638 2754 Quirino.

172 2763 359 2826 Atque
393 2761 479 2814 hic
518 2766 763 2828 Aeneas;
798 2781 906 2818 una
940 2781 1175 2833 namque
1211 2765 1292 2817 ire
1329 2763 1556 2818 videbat
1799 2773 1874 2813 0oe

172 2833 463 2898 Egregium
498 2837 671 2889 forma
700 2838 951 2893 iuvenem
988 2844 1047 2893 et
1083 2839 1416 2906 fulgentibus
1451 2838 1632 2904 armis,

173 2903 285 2957 Sed
318 2905 464 2958 frons
498 2908 643 2961 laeta
675 2928 884 2980 parum,
920 2919 978 2968 et
1013 2915 1225 2968 deiecto
1263 2915 1464 2967 lumina
1498 2912 1678 2966 voltu:

175 2978 321 3061 Opis,
356 2983 525 3045 pater,
561 2982 665 3046 ille,
702 2987 877 3040 virum
913 2988 1007 3056 qui
1043 2989 1121 3042 sic
1155 2989 1449 3043 comitatur
1482 2988 1745 3042 euntem?

176 3049 360 3134 Filius,
396 3066 533 3105 anne
569 3056 762 3123 aliquis
798 3076 994 3128 magna
1028 3065 1100 3117 de
1137 3067 1307 3133 stirpe
1341 3064 1639 3133 nepotum?

229 3137 309 3173 ‘us
332 3126 593 3191 strepitus
628 3131 769 3184 eirca
800 3137 1084 3193 comitum!
1124 3144 1387 3208 quantum
1423 3139 1598 3192 instar
1632 3139 1690 3191 in
1724 3134 1866 3208 ipso!
