2163 3401
178 73 273 119 282
662 69 721 118 P.
748 69 1053 117 VERGILI
1085 68 1348 117 MARON
1351 69 1418 117 IS

183 148 471 216 Fulgentis
504 148 681 217 clipei,
720 152 839 202 tum
876 148 1090 203 laevum
1126 148 1368 217 perforat
1401 148 1636 216 inguen;

180 226 453 279 Excussus
488 242 655 279 curru
690 224 1049 278 moribundus
1083 224 1320 278 volvitur
1355 224 1515 278 arvis.
1811 240 1894 279 εοο

183 302 357 366 Quem
392 301 521 369 pius
553 304 775 355 Aeneas
810 300 975 353 dictis
1000 301 1233 355 adfatur
1265 302 1490 355 amaris:

182 378 414 445 Lucage,
453 377 603 430 nulla
639 381 764 430 tuos
800 393 991 430 currus
1026 377 1158 445 fuga
1193 378 1374 445 segnis
1410 394 1676 446 equorum

181 454 447 521 Prodidit,
484 457 581 508 aut
614 470 786 506 vanae
821 461 1041 507 vertere
1076 470 1146 506 ex
1182 452 1432 507 hostibus
1467 452 1726 519 umbram

182 532 309 600 Ipse
347 532 483 584 rotis
520 531 719 585 saliens
753 530 883 598 iuga
918 529 1146 584 deseris.
1219 530 1373 583 Haec
1409 529 1490 583 ita
1524 530 1672 583 fatus

182 608 433 677 Arripuit
469 607 713 675 biiugos;
760 608 933 661 frater
969 606 1236 661 tendebat
1271 606 1496 659 inermis
1805 622 1887 661 ωε

183 683 382 739 Infelix
417 685 642 753 palmam,
680 701 844 737 curru
880 683 1138 751 delapsus
1173 682 1392 736 eodem:

181 759 289 814 Per
323 764 396 825 te,
435 777 534 829 per
568 760 663 829 qui
700 764 759 813 te
794 760 964 813 talem
997 774 1241 827 genuere
1275 761 1551 827 parenteS,

181 836 285 889 Vir
320 836 565 904 Troiane,
600 837 717 889 sinc
754 836 893 889 hanc
929 836 1178 901 animam,
1205 838 1265 888 et
1296 835 1558 888 miserere
1587 834 1884 903 precantis.

184 913 439 967 Pluribus
475 913 650 967 oranti
688 915 933 966 Aeneas:
986 911 1156 965 Haud
1190 911 1323 965 talia
1358 909 1570 965 dudum
1721 916 1730 926 '

181 989 342 1043 Dicta
364 989 549 1043 dabas.
620 989 857 1056 Morere,
882 992 940 1042 et
964 988 1192 1041 fratrem
1217 1004 1288 1041 ne
1311 987 1505 1042 desere
1528 987 1721 1041 frater.
1803 1002 1886 1041 eoo

182 1066 332 1132 Tum,
369 1065 608 1119 latebras
642 1065 869 1130 animae,
906 1068 1100 1132 pectus
1135 1080 1396 1119 mucrone
1432 1062 1682 1117 recludit

181 1141 331 1194 Talia
366 1158 465 1210 per
500 1158 718 1209 campos
754 1139 958 1193 edebat
991 1141 1188 1194 funera
1221 1139 1419 1195 ductor

184 1217 506 1284 Dardanius,
543 1218 805 1271 torrentis
840 1232 1015 1285 aquae
1052 1216 1140 1270 vel
1173 1216 1411 1269 turbinis
1445 1216 1554 1270 atri

182 1293 336 1346 More
370 1294 569 1347 furens.
641 1293 885 1346 Tandem
921 1296 1217 1361 erumpunt
1253 1296 1311 1347 et
1345 1297 1526 1347 castra
1556 1292 1883 1361 relinquunt

182 1371 451 1424 Ascanius
484 1387 621 1439 puer
656 1374 714 1423 et
750 1370 1084 1437 nequiquam
1121 1369 1344 1425 obsessa
1378 1370 1648 1423 iuventus.
1803 1384 1884 1424 605

253 1448 514 1501 Iunonem
549 1447 760 1501 interea
793 1445 1086 1514 compellat
1123 1446 1376 1515 Iuppiter
1410 1446 1586 1500 ultro:

182 1522 228 1575 Ο
264 1540 525 1591 germana
558 1521 691 1575 mihi
727 1526 896 1590 atque
931 1520 1127 1575 eadem
1161 1522 1476 1589 gratissima
1509 1521 1760 1590 coniunx,

182 1600 260 1652 Ut
296 1600 503 1667 rebare,
542 1599 903 1653 Venus—nec
936 1602 997 1651 te
1032 1599 1307 1653 sententia
1340 1597 1546 1652 fallit-—

181 1676 437 1730 Troianas
474 1680 748 1730 sustentat
782 1692 931 1744 opeS,
966 1691 1075 1730 non
1112 1674 1294 1729 vivida
1327 1674 1471 1730 bello

186 1753 395 1807 Dextra
428 1753 559 1806 viris
595 1753 915 1820 animusque
950 1753 1107 1805 ferox
1142 1752 1465 1820 patiensque
1499 1752 1704 1821 pericli.
1801 1767 1884 1807 610

182 1830 282 1882 Cui
322 1831 461 1883 Iuno
496 1828 794 1882 submissa:
847 1827 1005 1894 Quid,
1041 1845 1074 1880 o
1110 1827 1472 1896 pulcherrime
1507 1829 1750 1896 coniunx,

181 1905 449 1960 Sollicitas
484 1921 705 1972 aegram
742 1908 800 1958 et
835 1907 933 1958 tua
967 1904 1150 1958 tristia
1185 1903 1336 1958 dicta
1369 1903 1689 1959 timentem?

182 1983 236 2035 Si
274 1981 421 2048 mihi,
460 1997 600 2049 quae
627 1980 903 2048 quondam
932 1980 1130 2046 fuerat,
1166 1995 1442 2048 quamque
1477 1997 1596 2034 esse
1627 1979 1883 2048 decebat,

183 2057 282 2110 Vis
317 2057 373 2110 in
410 2072 595 2111 amore
629 2057 788 2122 foret,
825 2072 933 2108 non
970 2055 1072 2108 hoc
1107 2056 1240 2109 mihi
1275 2072 1515 2124 namque
1549 2073 1790 2124 negat-03,

182 2134 553 2204 OmnipotenS,
591 2132 723 2201 quin
760 2136 817 2186 et
854 2147 1069 2201 pugnae
1108 2131 1412 2186 subducere
1452 2133 1707 2199 Turnum,
1805 2147 1886 2186 615

184 2213 254 2264 Et
291 2210 483 2263 Dauno
519 2225 733 2278 possem
769 2209 1092 2262 incolumem
1131 2225 1348 2262 servare
1383 2208 1610 2278 parenti.

180 2288 231 2340 N
237 2305 341 2341 unc
375 2290 582 2356 pereat,
624 2285 955 2353 Teucrisque
990 2284 1080 2353 pio
1119 2283 1216 2337 det
1253 2285 1514 2353 sanguine
1548 2299 1772 2352 poenas,

182 2364 285 2417 Ille
320 2368 505 2416 tamen
541 2365 730 2414 nostra
768 2360 991 2414 deducit
1028 2360 1238 2428 origine
1275 2377 1486 2426 nomen,

168 2439 573 2506 ‘Pilumnusque
609 2437 686 2489 illi
724 2441 956 2506 quartus
992 2440 1180 2504 pater3
1227 2440 1286 2490 ct
1321 2440 1418 2490 tua
1452 2437 1604 2505 larga

174 2505 354 2586 ¹»Saepe
390 2532 554 2568 manu
591 2513 887 2582 multisque
925 2513 1171 2565 oneravit
1205 2513 1393 2565 limina
1429 2513 1596 2565 donia
1812 2527 1892 2565 62⁰

181 2593 280 2646 Oui
318 2609 416 2645 rex
454 2589 682 2644 aetherii
718 2589 962 2643 breviter
998 2589 1075 2642 sic
1111 2588 1258 2641 fatus
1295 2587 1537 2656 Olympi:

181 2669 238 2719 Si
275 2685 426 2719 mora
462 2665 763 2735 praesentis
799 2665 897 2719 leti
932 2669 1258 2733 tempusque
1292 2664 1496 2718 caduco

183 2741 385 2792 Oratur
421 2742 615 2807 iuveni,
652 2758 850 2808 meque
886 2742 987 2794 hoc
1021 2741 1100 2793 ita.
1135 2757 1340 2807 ponere
1377 2739 1590 2805 sentis⁴

183 2813 329 2862 Tolle
365 2815 494 2879 fuga
531 2817 769 2868 Turnum
806 2822 974 2884 atquc
1009 2816 1342 2870 instantibus
1375 2816 1528 2885 cripe
1561 2815 1707 2868 fatis.

186 2884 463 2936 Hactenus
501 2889 791 2943 indulsisse
825 2893 994 2946 vacat.
1070 2891 1166 2942 Sin
1203 2892 1365 2948 altior
1401 2891 1525 2944 istis
1813 2903 1894 2942 ωε
1908 2913 1920 2920 ·

184 2955 297 3005 Sub
331 2959 580 3039 precibus
616 2965 772 3016 venia
808 2966 916 3018 ulla
954 2966 1106 3032 latet,
1144 2970 1432 3036 totumque
1466 2965 1678 3020 moveri

185 3027 457 3078 Mutanve
493 3037 652 3094 putas
690 3037 910 3107 bellum,
950 3057 1073 3107 spes
1110 3044 1286 3110 pascis
1321 3043 1509 3097 inanis,

192 3099 257 3147 Et
296 3097 431 3148 Iuno
468 3101 849 3166 adlacrimans:
902 3113 1063 3180 Quid,
1103 3117 1162 3182 si,
1201 3135 1340 3184 quae
1377 3134 1510 3172 voce
1543 3116 1820 3185 gravaris,
