2163 3401
150 42 243 93 190
612 44 670 92 P.
709 44 1015 93 VERGILI
1048 44 1383 94 MARONIS

218 121 381 175 Ibant
416 121 633 176 obscuri
666 122 784 176 sola
816 123 919 178 sub
954 127 1118 177 nocte
1153 140 1256 192 per
1288 122 1554 192 umbram,

147 197 363 266 Perque
396 197 589 252 domos
626 198 771 253 Ditis
804 215 1001 253 vacuas
1036 203 1097 253 et
1129 200 1313 253 inania
1344 215 1542 267 regna:

146 274 316 339 Quale
348 290 450 342 per
482 274 749 328 incertam
780 274 966 329 lunam
1000 275 1106 329 sub
1139 276 1261 329 luce
1295 275 1532 343 maligna
1783 293 1872 335 m

144 350 245 405 Est
280 350 390 405 iter
422 351 480 403 in
514 351 679 418 silvis,
715 350 810 405 ubi
845 351 1059 405 caelum
1093 350 1344 405 condidit
1375 350 1572 405 umbra

144 426 410 496 Iuppiter,
446 431 507 481 et
538 426 707 481 rebus
739 444 849 481 nox
880 427 1113 482 abstth
1149 431 1274 482 atra
1307 428 1558 482 colorem.

142 502 491 557 Vestibulum
524 506 657 557 ante
690 503 871 572 ipsum
905 504 1204 573 primisque
1237 504 1294 557 in
1329 502 1576 557 faucibus
1612 502 1746 557 Orci

143 580 349 634 Luctus
386 583 445 634 ct
479 578 703 634 ultrices
737 596 968 648 posuere
1002 580 1202 634 cubilia
1239 580 1448 645 Curae3

143 656 527 724 Pallentesque
560 655 815 710 habitant
849 656 1049 721 Morbi,
1085 656 1374 725 tristisque
1411 656 1696 725 Senectus,
1779 673 1861 714 275

142 732 216 785 Et
251 732 451 797 Metus,
490 735 549 785 et
582 731 899 785 malesuada
934 732 1148 800 FameS,
1181 749 1246 787 ac
1279 732 1459 801 turpis
1492 730 1746 801 Egestas,
1823 768 1831 777 ·

140 807 433 862 Terribiles
468 808 589 861 visu
622 809 847 874 formae,
880 808 1205 881 Letumque,
1243 806 1561 877 Labosque;

140 884 278 938 Tum
312 885 740 952 consanguineus
777 884 903 939 Leti
938 884 1126 951 Sopor,
1161 887 1224 939 et
1255 883 1400 937 mala
1432 884 1637 939 mentis

138 960 369 1027 Gaudia,
405 960 857 1029 mortiferumque
890 960 1124 1015 adverso
1156 960 1214 1013 in
1247 959 1434 1014 limine
1469 960 1706 1031 Bellum,

140 1036 438 1105 Ferreique
460 1036 822 1090 Eumenidum
844 1036 1086 1103 thalami,
1111 1039 1171 1091 et
1193 1036 1480 1091 Discordia
1502 1038 1748 1108 demens,
1771 1055 1852 1093 me

140 1112 438 1180 vipereum
473 1112 677 1165 crinem
712 1112 869 1166 vittis
902 1112 1103 1167 innexa
1135 1114 1393 1167 eruentis.

208 1188 274 1241 In
311 1187 493 1241 medio
528 1204 709 1241 ramos
742 1205 1057 1257 annosaque
1094 1188 1348 1249 braesshia
1379 1188 1577 1258 pandit

136 1264 333 1319 Ulmus
366 1279 549 1333 opaca,
583 1264 791 1332 ingens,
828 1281 991 1333 quam
1029 1264 1218 1319 sedem
1257 1265 1476 1319 Somnia
1507 1266 1669 1335 volgo

135 1340 297 1395 Vana
328 1344 521 1395 tenere
554 1339 755 1406 ferunt,
792 1340 1045 1409 foliisque
1085 1340 1188 1393 sub
1222 1341 1472 1395 omnibus
1506 1341 1751 1397 haerent.

134 1418 421 1487 Multaque
455 1419 743 1486 praeterea
775 1417 1047 1470 variarum
1084 1422 1329 1471 monstra
1362 1416 1606 1471 ferarum
1769 1436 1850 1473 285

138 1494 396 1549 Centauri
430 1495 485 1547 in
520 1492 725 1547 foribus
760 1492 1042 1547 stabulant
1078 1493 1398 1561 Scyllaeque
1432 1492 1697 1548 biformes

137 1570 213 1624 Et
244 1570 711 1637 centumgeminus
746 1569 1005 1623 Briareus
1039 1586 1102 1623 ac
1138 1568 1300 1623 belua
1337 1570 1560 1637 Lernae,

138 1646 489 1702 Horrendum
526 1645 781 1712 stridens,
816 1644 1156 1714 flammisque
1189 1649 1402 1699 armata
1438 1646 1741 1717 Chimaera,

137 1724 418 1792 Gorgones
457 1723 841 1792 Harpyiaeque
878 1725 938 1776 ct
972 1721 1150 1775 forma
1182 1722 1498 1791 tricorporis
1533 1723 1780 1779 umbrae.

137 1800 377 1868 Corripit
409 1798 498 1853 hic
532 1797 714 1852 subita
748 1797 1000 1866 trepidus
1034 1797 1327 1852 formidine
1359 1797 1567 1852 sermm
1767 1815 1847 1853 2ae

139 1878 369 1942 AeneaS,
404 1876 763 1944 strictamque
796 1875 965 1928 aciem
1001 1874 1348 1930 venientibus
1382 1875 1556 1942 offert,

137 1952 224 2017 Et,
260 1952 316 2005 ni
350 1952 515 2006 docta
546 1967 729 2006 eomes
766 1951 945 2005 tenuis
980 1951 1098 2004 sine
1132 1967 1360 2019 corpore
1394 1951 1536 2004 vitas

139 2027 453 2084 Admoneat
487 2027 714 2081 volitare
748 2043 879 2088 cava
912 2025 1015 2079 sub
1051 2026 1288 2094 imagine
1321 2027 1544 2094 formae,

137 2105 345 2168 Inruat,
382 2108 440 2158 et
473 2104 677 2157 frustra
709 2102 856 2156 ferro
891 2101 1204 2156 diverberet
1239 2102 1475 2156 umbras.

205 2181 351 2235 Hine
374 2181 477 2245 via,
503 2179 749 2234 Tartarei
774 2196 917 2248 quae
941 2179 1053 2233 fert
1079 2177 1412 2234 Acherontis
1429 2179 1503 2233 ad
1526 2179 1718 2234 undas.
1767 2194 1844 2234 295

134 2251 410 2312 Turbidus
445 2257 533 2310 hic
568 2272 735 2310 caeno
772 2259 1036 2324 vastaque
1070 2255 1327 2324 voragine
1360 2271 1562 2324 gurges

137 2336 377 2389 Aestuat
409 2337 577 2400 atque
612 2347 828 2386 omnem
866 2331 1067 2401 Cocyto
1103 2337 1318 2386 eructat
1353 2348 1591 2400 arenam.

139 2411 382 2464 Portitor
414 2409 513 2479 has
548 2407 851 2461 horrendus
887 2425 1059 2476 aquas
1093 2411 1152 2462 et
1186 2408 1409 2462 flumina
1443 2409 1630 2462 servat

137 2486 389 2542 Terribili
424 2484 673 2553 squalore
710 2483 939 2551 Charon,
975 2484 1060 2537 cui
1094 2484 1330 2552 plurima
1359 2487 1548 2538 mento

138 2564 380 2618 Canities
416 2561 619 2616 inculta
650 2562 809 2616 iacet.
845 2564 993 2614 stant
1026 2560 1232 2615 lumina
1267 2560 1494 2624 flamma,
1767 2573 1848 2614 δοῦ

138 2640 403 2693 Sordidus
438 2655 505 2692 ex
543 2637 786 2692 humeris
820 2635 963 2689 nodo
1000 2635 1278 2705 dependet
1311 2636 1556 2691 amictus,

139 2716 267 2784 Ipse
300 2720 477 2768 ratem
511 2716 673 2767 conto
695 2712 921 2780 subigit,
955 2711 1200 2780 velisque
1235 2711 1528 2780 ministrat,

138 2793 212 2845 :Et
246 2789 556 2856 ferruginea
588 2788 875 2842 subvectat
910 2803 1138 2856 corpora
1172 2788 1379 2856 cymba,

138 2867 259 2918 Iam
292 2863 491 2926 senior,
528 2862 629 2913 sed
663 2862 833 2914 cruda
870 2862 974 2914 deo
1009 2862 1310 2930 viridisque
1346 2865 1615 2918 senectus·

134 2939 265 2990 Huc
298 2935 472 2986 omnis
504 2933 673 2986 turba
706 2935 778 2986 ad
812 2936 961 3001 ripas
995 2935 1168 2990 effusa
1202 2936 1413 3003 ruebat,
1775 2957 1852 2994 ³05

137 3009 348 3060 Matres
381 3009 551 3070 atque
586 3006 703 3067 viri,
742 3007 1110 3076 defunctaque
1146 3027 1376 3077 corpora
1412 3012 1524 3064 vita

136 3077 543 3147 Magnanimum
578 3075 821 3141 heroum,
854 3083 1011 3147 pueri
1046 3083 1416 3154 innuptaeque
1450 3086 1688 3152 puellae.

38 3263 143 3354 'x
