2163 3401
715 111 1129 160 GEORGICON
1163 109 1300 160 LIB.
1340 109 1437 159 IV.
1871 113 1933 158 69

295 193 393 250 Sin
427 195 612 249 autem
648 191 721 248 ad
755 209 994 263 pugnam
1031 192 1459 247 exierint-nam
1494 203 1659 258 saepe
1694 189 1910 244 duobus

219 268 472 338 Regibus
505 271 727 324 incessit
761 286 958 336 magno
993 268 1268 322 discordia
1301 273 1469 336 motu,

219 346 606 415 Continuoque
641 345 850 399 animos
885 345 1026 413 volgi
1061 347 1121 399 et
1155 344 1487 413 trepidantia
1520 343 1664 398 belle

219 421 412 476 Corda
445 422 575 476 licet
609 423 770 490 lenge
804 423 1195 490 praesciscer03
1228 436 1466 488 namque
1500 419 1762 474 morantis
1888 429 1935 472 7ο

220 497 465 553 Martius
498 497 591 551 ille
626 498 768 552 aeris
803 498 950 550 rauci
985 513 1153 551 canor
1184 498 1448 565 increpat,
1484 500 1543 551 et
1576 512 1681 550 vex

221 573 476 628 Auditur
509 573 714 627 fractos
749 574 956 626 sonitus
990 573 1207 627 imitata
1242 573 1528 639 tubarum3

221 649 367 703 Tum
403 648 654 718 trepidae
689 649 834 703 inter
869 665 928 703 se
964 653 1177 716 coeunt,
1213 650 1517 719 pennisque
1550 649 1852 713 coruscant,

223 725 556 795 Spiculaque
592 729 862 780 exacuunt
897 726 1102 794 rostriS,
1142 729 1445 794 aptantque
1481 725 1729 790 lacert08,

224 800 303 856 Et
338 802 482 855 eirea
516 817 702 870 regem
737 805 906 870 atque
940 802 1058 870 ipsa
1094 801 1167 854 ad
1202 801 1477 870 praeteria
1513 800 1717 854 densae
1888 811 1938 852 π

224 876 548 947 Miscentur,
585 879 904 946 magnisque
941 881 1138 931 vocant
1172 877 1498 930 clamoribus
1534 876 1765 928 hostem.

226 953 376 1022 Ergo
409 953 504 1008 ubi
540 969 638 1008 ver
671 957 864 1008 nactae
900 953 1097 1007 sudum
1133 968 1463 1023 camposque
1496 951 1751 1020 patentis,

226 1029 540 1099 Erumpunt
573 1030 775 1098 pertis:
811 1030 1153 1084 concurritur
1187 1030 1411 1084 aethere
1443 1029 1499 1082 in
1533 1027 1675 1092 alt03

227 1105 321 1160 Fit
357 1107 592 1172 sonitus3
627 1123 886 1175 magnum
921 1107 1129 1160 mixtae
1162 1107 1539 1175 glomerantur
1570 1105 1627 1158 in
1664 1102 1867 1169 orbem,

230 1182 672 1252 Praecipitesque
707 1183 940 1248 cadunt3
973 1199 1080 1236 non
1116 1182 1335 1236 densior
1368 1197 1497 1235 aere
1530 1178 1756 1248 grande,
1890 1191 1942 1230 so

229 1257 281 1310 N
285 1274 348 1311 ec
383 1257 454 1310 de
489 1275 747 1312 concussa
782 1263 1000 1313 tuntum
1036 1259 1176 1327 pluit
1210 1259 1334 1312 ilice
1368 1257 1599 1326 glandis.

233 1333 347 1402 Ipsi
383 1349 485 1402 per
519 1334 729 1387 medias
765 1335 908 1388 acies
945 1334 1245 1401 insignibus
1281 1335 1380 1388 alis

234 1407 484 1476 Ingentis
519 1409 725 1462 animos
761 1413 994 1476 angusto
1028 1410 1085 1461 in
1120 1413 1345 1477 pectore
1380 1410 1617 1475 versant,

235 1483 425 1553 Usque
458 1484 597 1538 adeo
633 1484 816 1537 obnixi
853 1501 960 1537 non
997 1484 1212 1550 cedere,
1246 1485 1378 1537 dum
1414 1479 1599 1550 gravis
1629 1485 1727 1536 aut
1759 1481 1862 1534 hes

237 1561 354 1614 Aut
389 1559 490 1614 hos
525 1577 685 1615 versa
719 1561 851 1629 fuga
886 1561 1060 1614 victor
1097 1560 1229 1612 dare
1266 1563 1425 1627 terga
1461 1558 1691 1625 subegit.
1901 1569 1947 1610 35

236 1635 313 1690 Hi
348 1641 530 1691 motus
567 1637 869 1690 animorum
907 1641 1076 1707 atque
1113 1636 1248 1689 haec
1284 1635 1579 1688 certamina
1616 1635 1773 1687 tanta.

236 1713 480 1768 Pulveris
517 1715 700 1782 exigui
735 1714 882 1767 iactu
918 1716 1228 1783 compressa
1263 1713 1561 1782 quieseunt.

303 1790 510 1843 Verum
545 1789 641 1843 ubi
677 1790 937 1844 ductores
971 1790 1086 1843 acie
1121 1788 1457 1843 revocaveris
1492 1786 1668 1855 ambe,

237 1866 490 1920 Deterior
525 1866 619 1935 qui
655 1867 817 1934 visus,
853 1882 997 1933 eum,
1031 1882 1105 1919 ne
1139 1865 1401 1934 prodigus
1438 1864 1597 1931 obsit,

237 1942 392 1997 Dede
427 1944 574 2009 neei3
607 1944 801 1997 melier
837 1959 1008 1996 vacua
1041 1943 1159 1995 sine
1195 1944 1390 2008 regnet
1425 1941 1479 1994 in
1516 1940 1653 1995 aula.
1907 1940 1952 1978 *ὅ

240 2019 400 2074 Alter
434 2020 540 2075 erit
577 2020 800 2073 maculis
836 2035 970 2072 aure
1005 2016 1383 2087 squalentibus
1419 2015 1649 2080 ardens;

238 2095 290 2149 N
293 2113 378 2149 am
414 2096 525 2149 due
561 2098 688 2149 sunt
722 2111 941 2163 genera,
975 2094 1063 2147 hic
1100 2094 1305 2159 melior,
1341 2093 1568 2161 insignis
1602 2096 1661 2146 et
1696 2106 1808 2160 ere,

239 2172 311 2226 Et
345 2172 521 2225 rutilis
555 2171 734 2225 clarus
769 2171 1025 2239 squamis,
1059 2169 1155 2223 ille
1185 2169 1441 2223 horridus
1475 2170 1618 2223 alter

239 2248 463 2301 Desidia
497 2248 776 2317 latamque
811 2246 1034 2299 trahens
1069 2245 1334 2313 inglorius
1368 2245 1562 2299 alvum.

239 2324 318 2377 Ut
351 2324 508 2378 binae
545 2340 737 2391 regum
773 2324 954 2390 facies,
993 2323 1075 2375 ita
1110 2338 1339 2391 corpora
1375 2322 1565 2391 plebis.
1906 2330 1954 2371 οῦ

241 2399 489 2468 Namque
525 2400 662 2454 aliae
696 2403 888 2468 turpes
921 2398 1165 2465 horrent,
1202 2415 1302 2452 ceu
1336 2398 1560 2468 pulvere
1595 2396 1667 2451 ab
1700 2398 1814 2453 alte

242 2476 375 2530 Cum
411 2477 564 2529 venit
597 2480 656 2529 et
692 2477 831 2530 sicce
867 2480 1073 2529 terram
1113 2475 1261 2544 spuit
1298 2491 1392 2528 ore
1429 2474 1605 2527 viator

243 2551 476 2616 Aridus3
511 2551 729 2604 elucent
763 2551 900 2605 aliae
937 2554 998 2605 et
1031 2552 1243 2619 fulgore
1281 2554 1581 2616 coruscant,

241 2626 522 2681 Ardentes
558 2641 690 2679 aure
725 2630 784 2679 et
817 2626 1038 2695 paribus
1073 2627 1176 2679 lita
1209 2642 1437 2693 corpora
1473 2626 1669 2692 guttis.

244 2704 397 2757 Haec
430 2702 613 2771 potior
649 2701 892 2767 suboles;
925 2702 1051 2756 hine
1088 2702 1224 2756 caeli
1262 2706 1507 2769 tempere
1542 2703 1693 2753 certe
1877 2712 1951 2753 100

243 2779 432 2833 Dulcia.
465 2778 628 2834 mella
662 2795 894 2849 premes,
933 2796 1031 2835 nec
1067 2783 1286 2831 tantum
1326 2776 1521 2839 dulcia,
1556 2778 1821 2845 quantum

243 2856 316 2909 Et
349 2856 556 2926 liquida
591 2859 649 2912 et
685 2856 884 2909 durum
921 2854 1121 2909 Bacchi
1160 2854 1433 2908 domitura
1468 2869 1733 2923 saporem.

313 2936 394 2987 At
429 2949 552 2987 cum
585 2935 796 2987 ineerta
832 2932 1018 2986 volant
1054 2932 1315 3001 caeloque
1350 2931 1599 2985 examina
1634 2928 1849 2994 ludunt,

245 3008 724 3080 Contemnuntque
759 3009 911 3063 favos
947 3012 1006 3063 et
1043 3008 1241 3077 frigida
1276 3013 1425 3063 tecta
1461 3006 1792 3074 relinquunt,

247 3083 523 3140 Instabilis
560 3089 766 3141 animes
799 3087 932 3141 ludo
967 3085 1281 3155 prohibebis
1314 3086 1474 3140 inani.
1882 3090 1956 3130 1⁰⁵

249 3159 364 3216 Nec
396 3178 626 3233 magnus
659 3162 951 3231 prohibere
987 3161 1171 3217 labor:
1213 3165 1272 3216 tu
1308 3162 1529 3230 regibus
1565 3160 1679 3212 alas
