2163 3401
183 109 278 154 162
644 107 704 157 P.
742 107 1054 156 VERGILI
1090 105 1349 154 MARON
1358 105 1426 152 Is

181 184 292 238 Seu
325 184 497 238 crudo
532 184 657 239 fidit
690 203 930 255 pugnam
966 185 1311 240 committere
1348 186 1550 252 caestu,

182 260 378 314 Cuncti
415 260 615 326 adsint,
647 265 995 329 meritaeque
1029 264 1355 329 exspectent
1390 261 1637 330 praemia
1669 262 1896 332 palmae-

179 335 291 390 Ore
324 337 506 390 favete
541 353 744 406 omneS,
781 341 839 390 et
874 337 1078 404 cingite
1115 343 1365 406 tempora
1399 337 1585 393 ramis.
1852 353 1893 394 71

249 413 338 467 Sic
368 413 518 467 fatus
554 413 702 467 velat
737 416 988 467 materna
1023 418 1278 482 tempora
1311 417 1506 481 myrto,

183 490 303 544 Hoc
341 488 608 558 Helymus
641 489 788 555 facit,
827 489 930 542 hoe
965 489 1085 542 aevi
1124 492 1372 542 maturus
1407 491 1657 556 Acestes,

181 567 304 620 Hoc
337 583 476 636 puer
515 567 798 634 Ascanius,
835 566 1089 634 sequitur
1127 581 1266 634 quos
1301 570 1486 620 cetera
1518 565 1710 635 pubes.

180 642 286 697 Ille
320 659 354 696 e
387 643 611 696 concilio
647 642 836 696 multis
874 659 998 696 cum
1035 640 1259 694 milibus
1292 642 1411 696 ibat
1852 658 1898 699 τε

185 719 277 772 Ad
310 718 599 785 tumulum,
637 735 835 786 magna
868 718 1085 772 medius
1120 717 1419 772 comitante
1453 722 1690 773 caterva.

183 796 290 849 llic
325 797 433 850 duo
468 796 576 850 rite
611 812 764 849 mero
799 795 976 849 libans
1012 794 1289 849 carchesia
1325 795 1540 850 Baccho

183 871 388 926 Fundit
422 872 590 940 humi,
627 873 736 926 duo
771 872 914 926 lacte
948 888 1105 938 nom,
1144 870 1255 924 duo
1290 872 1553 940 sangnine
1588 887 1763 939 sacro,

183 949 602 1018 Purpureosque
638 949 768 1002 iacit
803 948 978 1016 flores,
1014 965 1079 1002 ac
1116 947 1249 1002 talia
1280 948 1458 1002 fatur:

180 1025 355 1092 Salve,
391 1030 577 1080 sancte
611 1041 826 1094 parem,
861 1024 1093 1079 iterum:
1130 1023 1352 1089 salvete,
1387 1023 1597 1093 recepti
1850 1037 1899 1076 so

179 1103 527 1172 Nequiquam
561 1103 788 1168 cinerea
820 1102 1143 1169 animaeque
1177 1100 1515 1169 umbraeque
1548 1102 1831 1168 paternae.

180 1178 304 1232 Non
339 1179 494 1232 licuit
527 1179 652 1232 finis
688 1177 860 1231 Italos
897 1177 1196 1246 fataliaque
1230 1193 1375 1243 arva,

181 1254 231 1307 N
237 1271 299 1308 ec
322 1258 504 1308 tecum
525 1254 842 1320 Ausonium,
862 1254 1192 1323 quicumque
1216 1256 1319 1320 est,
1339 1269 1603 1320 quaerere
1622 1252 1935 1322 'I'hybrimK

183 1330 411 1385 Dixerat
444 1331 593 1396 haec,
629 1330 808 1399 adytis
842 1347 964 1384 cum
1000 1329 1241 1384 lubricus
1276 1330 1468 1397 anguis
1502 1327 1575 1382 ab
1609 1328 1739 1384 imis

181 1407 404 1476 Septem
437 1408 630 1476 ingens
663 1423 839 1476 gymS,
875 1411 1103 1474 septen-1
1141 1405 1415 1460 volumina
1446 1405 1637 1471 traxit,
1850 1411 1897 1454 a

182 1484 488 1554 Amplexus
523 1484 737 1553 placide
773 1483 1042 1537 tumulum
1081 1483 1379 1552 lapsusque
1413 1499 1515 1551 per
1548 1498 1689 1549 aras,

182 1561 477 1616 Caeruleae
510 1561 598 1615 cui
631 1564 794 1628 terga
825 1563 991 1614 notae
1025 1560 1333 1614 maculosus
1368 1562 1427 1614 et
1459 1574 1595 1613 auro

181 1637 476 1707 Squamam
509 1637 840 1692 incendebat
874 1636 1070 1705 fulgor,
1108 1651 1209 1690 ceu
1244 1634 1480 1690 nubibus
1515 1651 1675 1688 arcus

183 1714 335 1768 Mille
368 1714 498 1768 iacit
533 1715 712 1768 varios
749 1714 982 1768 adverso
1018 1713 1134 1767 sole
1168 1713 1389 1767 colores„

183 1790 464 1859 Obstipuit
499 1791 619 1844 visu
655 1793 889 1845 Aeneas.
969 1790 1072 1843 Ille
1108 1790 1325 1858 agmine
1360 1789 1523 1857 longo
1853 1800 1900 1841 ω

182 1866 423 1921 Tandem
457 1867 604 1921 inter
636 1869 858 1935 pateras
893 1870 951 1919 et
986 1866 1127 1920 levia
1160 1866 1355 1935 pocula
1391 1880 1617 1934 serpens

185 1942 512 2011 Libavitque
548 1942 733 2012 dapes,
770 1958 1070 2011 rursusque
1105 1943 1359 1996 innoxius
1393 1944 1505 1995 imo

183 2018 455 2073 Successit
489 2018 716 2086 tumulo,
750 2023 813 2072 et
848 2017 1079 2087 depasta
1114 2018 1309 2073 altaria
1346 2018 1522 2087 liquit.

185 2095 306 2149 Hoc
341 2094 515 2162 magis
549 2094 796 2161 inceptos
829 2094 1067 2162 genitori
1104 2095 1380 2149 instaurat
1413 2094 1663 2161 honores,

187 2171 452 2238 Incertus,
490 2170 792 2225 Geniumne
828 2170 930 2224 loci
963 2170 1301 2225 famulumne
1336 2170 1583 2238 parentis
1850 2184 1901 2224 ω

184 2248 318 2303 Esse
352 2251 543 2317 putet;
578 2247 762 2303 caedit
796 2248 952 2303 binas
987 2249 1059 2303 de
1094 2264 1247 2301 more
1281 2245 1539 2313 bidentis,

182 2325 397 2395 Totque
429 2340 570 2387 sueS,
605 2324 840 2378 totidem
873 2325 1141 2392 nigrantis
1176 2328 1335 2391 terga
1367 2322 1653 2387 iuvencos3

184 2401 437 2470 Vinaque
471 2400 739 2455 fundebat
774 2403 994 2469 pateriS,
1033 2401 1380 2467 animamque
1418 2398 1650 2453 vocabat

185 2478 459 2531 Anchisae
494 2478 675 2545 magni
715 2478 1002 2547 Manisque
1042 2476 1360 2531 Acheronte
1396 2475 1667 2529 remissos.

184 2554 236 2608 N
239 2572 302 2609 ec
337 2570 444 2608 non
481 2558 539 2609 et
574 2555 715 2621 socii,
753 2571 894 2624 quae
930 2553 1129 2621 cuique
1166 2557 1252 2607 est
1290 2552 1459 2621 eopia,
1499 2551 1633 2606 laeti
1834 2562 1905 2604 ιω

184 2630 341 2684 Dona
374 2632 574 2699 ferunt,
612 2634 842 2687 onerant
878 2647 1018 2699 aras,
1053 2633 1412 2697 mactantque
1448 2628 1742 2695 iuvenco83

185 2706 391 2760 Ordine
425 2724 564 2761 aena
598 2708 779 2761 locant
814 2707 918 2772 alii,
953 2706 1171 2775 fusique
1206 2722 1307 2775 per
1344 2704 1571 2759 herbam

185 2779 493 2834 Subiieiunt
527 2783 747 2836 veribus
781 2798 984 2852 prunas
1022 2785 1083 2836 et
1118 2782 1325 2836 viscera
1364 2784 1598 2835 torrent.

255 2854 588 2920 Exspectata
621 2856 738 2911 dies
773 2857 967 2913 aderat
1001 2874 1310 2925 nonamque
1346 2872 1540 2911 serena

185 2927 459 2980 Auroram
497 2928 853 2986 Phaethontis
889 2934 1015 3001 equi
1051 2933 1159 2986 iam
1196 2933 1316 2986 luce
1352 2931 1646 3000 vehebant,
1840 2944 1909 2986 ιω

188 3000 467 3067 Famaque
505 3002 760 3059 finitimos
796 3012 855 3063 et
888 3008 1019 3062 clari
1054 3025 1252 3062 nomen
1290 3008 1529 3061 Acestae

187 3072 473 3137 Excierat3
508 3074 652 3128 laeto
687 3081 1013 3147 conplebant
1048 3082 1213 3137 litora
1246 3086 1422 3149 coetu,

189 3144 377 3199 'visuri
415 3150 717 3217 Aeneadas,
754 3170 882 3223 pars
917 3160 977 3210 ct
1010 3161 1224 3215 certare
1260 3158 1456 3228 parati.
