2163 3401
646 97 1021 147 AENEIDOS
1052 99 1192 147 LIB.
1229 100 1362 148 ΧΠ.
1778 108 1868 156 327

184 180 514 247 Transadigit
550 183 730 232 costas
768 183 826 233 et
862 181 1031 233 cratis
1066 180 1308 248 pectoris
1343 194 1566 244 ensem,

183 256 375 310 'l'urnus
411 273 552 324 equo
588 256 864 309 deiectum
903 258 1170 324 Amycum
1209 256 1550 324 statremque
1587 256 1828 322 Diorem,

182 335 499 401 Congressus
534 331 721 401 pedeS,
758 332 901 385 hunc
937 332 1248 385 venientem
1285 332 1510 401 cuspide
1546 333 1721 402 longa,
1799 350 1874 389 510

184 410 327 463 Hunc
361 426 618 462 mucrone
653 409 783 461 ferit
819 424 1094 475 curruque
1131 408 1341 462 abscisa
1378 408 1612 464 duorum

180 486 457 552 Suspendit
490 485 685 553 capita,
725 488 784 538 et
818 484 1063 538 rorantia
1099 485 1359 553 sanguine
1396 490 1594 553 portat.

182 564 269 616 Ille
304 562 467 615 Talon
505 561 839 630 Tanaimque
873 560 995 613 neci
1028 560 1340 631 fortemque
1380 563 1700 632 Cethegum,

180 640 283 692 Tris
314 654 419 691 uno
456 654 761 705 congressu,
800 640 857 690 et
892 641 1163 691 maestum
1199 639 1374 692 mittit
1415 638 1635 708 Oniten,

181 715 390 769 Nomine
426 714 745 769 Echionium
782 713 1086 782 matrisque
1119 730 1290 781 genus
1330 714 1618 780 Peridiae;
1803 732 1876 772 515

179 790 273 844 Hie
303 792 499 845 fratres
538 790 699 858 Lycia
734 791 928 843 missos
963 794 1021 843 et
1059 790 1330 857 Apollinis
1365 791 1524 859 agris,

178 867 239 921 Et
270 867 513 920 iuvenem
549 882 773 919 exosum
808 866 1140 934 nequiquam
1177 866 1321 919 bella
1360 867 1670 934 Menoeten,

178 943 391 1010 Arcada,
428 942 675 1011 piscosae
712 943 799 996 cui
837 942 1042 996 circum
1079 942 1308 995 flumina
1345 944 1560 997 Lernae

178 1022 273 1072 Ars
303 1020 483 1072 fuerat
518 1034 835 1087 pauperque
871 1017 1079 1085 domus,
1117 1035 1218 1071 nec
1254 1022 1384 1072 nota
1421 1023 1708 1087 potentum

176 1092 403 1161 Munera,
439 1094 818 1161 conductaque
852 1097 1013 1162 pater
1047 1094 1247 1147 tellure
1285 1093 1517 1149 serebat.
1801 1111 1874 1150 520

176 1173 250 1224 Ac
280 1171 427 1225 velut
460 1169 671 1223 inmissi
707 1170 940 1224 diversis
974 1168 1222 1238 partibus
1256 1171 1410 1237 ignes

175 1248 427 1301 Arentem
461 1246 519 1299 in
554 1245 744 1300 silvam
777 1249 837 1299 et
872 1246 1111 1313 virgulta
1144 1247 1390 1300 sonantia
1424 1246 1601 1302 lauro:

174 1325 282 1377 Aut
313 1322 409 1377 ubi
444 1322 680 1377 decursu
717 1322 909 1391 rapido
947 1322 1019 1375 de
1055 1322 1334 1375 montibus
1373 1323 1499 1376 altis

171 1394 309 1453 Dant
342 1401 583 1453 sonitum
620 1399 860 1468 spumosi
896 1415 1100 1464 amneS‚
1140 1402 1200 1451 ct
1234 1399 1290 1451 in
1329 1416 1566 1467 aequora
1600 1404 1829 1453 currunt

174 1476 401 1544 Quisque
439 1492 597 1529 suum
632 1474 924 1543 populatus
959 1475 1094 1528 iter:
1132 1491 1240 1527 non
1277 1475 1498 1542 segnius
1535 1474 1696 1527 ambo
1801 1466 1872 1529 625

172 1553 375 1605 Aeneas
412 1551 735 1619 Turnusque
772 1553 943 1603 ruunt
978 1567 1079 1618 per
1114 1550 1351 1618 proelia;
1388 1567 1546 1618 nune,
1582 1567 1725 1605 nunc

172 1625 417 1681 Fluctuat
453 1627 539 1680 ira
571 1627 748 1680 intus:
787 1630 1119 1693 rumpuntur
1155 1626 1336 1679 nescia
1371 1626 1511 1679 vinci

172 1703 389 1758 Pectora
405 1725 419 1769 ;
454 1721 597 1757 nunc
632 1703 767 1757 totis
802 1705 859 1756 in
895 1703 1118 1756 volnera
1152 1703 1359 1756 viribus
1397 1703 1521 1757 itur.

172 1778 481 1834 Murranum
515 1781 619 1848 hic,
658 1783 845 1833 atavos
882 1782 941 1832 et
976 1796 1200 1832 avorum
1238 1780 1464 1848 antiqua
1501 1784 1781 1834 sonantem

170 1855 409 1924 Nomina,
432 1872 534 1926 per
556 1872 827 1924 regesque
851 1857 1032 1908 actum
1057 1871 1230 1923 genus
1255 1871 1414 1908 omne
1440 1855 1678 1923 Latin08,
1799 1872 1873 1910 530

172 1931 525 2002 Praecipitem
562 1931 781 2001 scopulo
817 1934 985 1998 atque
1020 1931 1260 1998 ingentis
1299 1931 1520 1986 turbine
1555 1934 1672 1986 saxi

172 2007 400 2073 Excutit,
438 2008 779 2074 effunditque
818 2006 961 2071 solo;
996 2007 1142 2061 hune
1179 2008 1296 2060 lora
1333 2013 1390 2062 et
1426 2009 1552 2077 iuga
1587 2011 1780 2065 subter

172 2081 487 2138 Provolvere
524 2087 706 2147 rota-e;
743 2083 935 2136 crebro
973 2100 1138 2150 super
1174 2083 1376 2148 ungula
1411 2084 1571 2151 pulsu
1608 2123 1616 2132 .

171 2158 341 2213 Incita
376 2177 477 2214 nec
514 2158 719 2213 domini
754 2175 1059 2212 memorum
1098 2157 1374 2227 proculcat
1409 2176 1686 2226 equorum

172 2234 267 2290 Ille
301 2238 484 2291 ruenti
524 2235 689 2304 Hyllo
726 2235 1031 2303 animisque
1067 2235 1284 2287 inmane
1321 2232 1577 2287 frementi
1800 2251 1872 2288 535

168 2309 429 2380 Occurrit,
466 2313 749 2380 telumque
782 2314 976 2364 aurata
1012 2311 1084 2364 ad
1118 2314 1366 2378 tempora
1401 2314 1650 2378 torquet:

169 2385 272 2440 Olli
305 2405 405 2456 per
440 2389 650 2456 galeam
686 2387 796 2440 fixo
834 2387 992 2440 stetit
1027 2387 1188 2439 hasta
1226 2385 1460 2440 cerebro,

170 2461 408 2517 Dextera
443 2482 543 2518 nee
580 2468 676 2517 tua
710 2467 783 2530 te,
824 2462 1048 2516 Graium
1089 2462 1401 2531 fortissime,
1440 2464 1694 2531 Cretheu,

166 2537 379 2609 Eripuit
417 2542 627 2606 Turn03
662 2556 763 2593 nec
800 2539 859 2592 di
895 2542 1087 2593 texere
1128 2539 1455 2607 Cupencum,

170 2614 361 2670 Aenea
396 2617 661 2682 veniente,
701 2617 815 2682 sui;
852 2615 1008 2668 dedit
1046 2613 1206 2667 obvia
1241 2615 1384 2668 ferro
1803 2631 1874 2668 540

168 2687 410 2762 Pectora,
447 2711 547 2748 nec
584 2694 785 2746 misero
823 2691 984 2760 clipei
1022 2707 1176 2744 mora
1213 2691 1420 2759 profuit
1456 2691 1618 2745 aerei.

166 2763 239 2818 Te
276 2786 494 2838 quoque
532 2771 833 2824 Laurentes
870 2767 1144 2834 viderunt,
1182 2768 1369 2835 Aeole,
1407 2769 1584 2836 campi

168 2841 444 2912 Oppetere
481 2850 539 2900 et
574 2846 686 2900 late
722 2849 927 2900 terram
964 2848 1314 2899 consternere
1351 2847 1531 2912 tergo;

167 2917 399 2990 Occidis,
440 2923 681 2990 Argivae
718 2939 880 2991 quem
915 2939 1022 2975 non
1057 2925 1291 2988 potuere
1329 2919 1623 2988 phalanges

166 2991 439 3067 Sternere,
475 3016 575 3052 nec
613 2999 815 3052 Priami
851 3013 1143 3065 regnorum
1181 3013 1400 3049 eversor
1437 2995 1708 3060 Achilles;
1802 3010 1874 3047 54⁵

168 3065 274 3124 Hic
310 3074 416 3134 tibi
452 3075 647 3129 mortis
682 3076 840 3128 erant
875 3077 1069 3138 metae,
1109 3071 1302 3123 domus
1339 3071 1450 3124 alta
1485 3070 1588 3124 sub
1626 3071 1744 3134 Ida,

168 3141 395 3209 Lyrnesi
432 3151 627 3203 domus
664 3149 791 3216 alta,
828 3149 939 3201 solo
978 3148 1254 3199 Laurente
1291 3145 1650 3214 sepulchrum.
