2163 3401
750 126 903 173 AEN
906 124 1118 175 EIDOS
1151 124 1293 177 LIB.
1328 124 1429 173 VI.
1854 126 1945 175 201

230 206 317 259 Ac
350 203 507 259 velut
540 203 601 257 in
634 205 812 273 pratis
828 205 942 260 ‘ubi
978 222 1111 275 apes
1147 209 1358 261 aestate
1396 222 1590 261 serena

235 280 491 335 Floribus
524 280 770 336 insidunt
804 281 982 349 variis,
1019 286 1077 335 et
1112 282 1347 335 candida
1381 283 1582 335 circum

233 358 375 411 Lilia
408 357 743 423 funduntur;
780 358 979 425 strepit
1014 358 1190 410 omnis
1225 374 1502 411 murmure
1539 373 1783 426 campus·

231 433 524 487 Horrescit
560 433 681 487 visu
716 432 911 498 subite,
948 449 1276 500 caussasque
1311 434 1542 502 requirit
1873 448 1948 490 πο

231 510 447 563 Inscius
484 512 721 576 Aeneas,
758 525 899 577 quae
935 509 1047 561 sint
1083 524 1149 562 ea
1183 508 1406 563 flumina
1439 526 1618 579 porr0,

231 587 407 653 Quive
442 586 547 639 viri
582 589 739 640 tanto
777 584 1081 653 conplerint
1117 584 1334 653 agmine
1370 586 1530 654 ripas.

228 661 367 715 Tum
403 666 568 730 pater
604 660 904 715 Anchises:
942 661 1192 727 Animae,
1231 661 1428 729 quibus
1461 662 1638 715 altera
1671 662 1785 717 fato

229 738 474 807 Corpora
508 736 797 803 debentur,
837 737 1065 791 Lethaei
1101 737 1174 790 ad
1210 737 1447 791 fluminis
1480 738 1684 792 undam

225 814 460 868 Securos
495 813 687 867 latices
722 818 781 867 et
815 814 977 881 longa
1010 812 1212 867 oblivia
1246 818 1452 882 potant.
1870 829 1941 869 715

226 890 347 943 Has
382 888 643 959 equidem
679 906 983 943 memorare
1008 888 1122 951 ‚tibi
1159 893 1328 959 atque
1363 891 1652 945 ostendere
1687 906 1885 957 coram,

224 965 564 1035 Iampridem
596 966 735 1019 hanc
768 966 979 1035 prolem
1014 966 1172 1034 cupio
1207 982 1524 1019 enumerare
1559 983 1820 1033 meorum,

223 1042 343 1107 Quo
379 1042 557 1109 magis
594 1042 759 1095 Italia
794 1057 1007 1095 mecum
1043 1041 1251 1095 laetere
1285 1045 1518 1110 reperta.

224 1118 269 1170 Ο
294 1122 471 1187 pater,
496 1134 635 1171 anne
658 1118 869 1188 aliquas
892 1118 966 1171 ad
998 1118 1208 1171 caelum
1245 1118 1369 1171 hinc
1402 1118 1482 1171 ire
1510 1119 1818 1187 putandum
1851 1125 1938 1174 est

222 1194 479 1248 Sublimis
516 1194 735 1261 animas,
774 1194 1084 1261 iterumque
1117 1193 1190 1247 ad
1225 1193 1388 1247 tarda
1421 1196 1624 1248 reverti
1865 1209 1938 1251 720

224 1270 501 1339 Corpora?
539 1286 681 1339 quae
717 1269 853 1323 lucis
888 1270 1106 1324 miseris
1139 1273 1255 1323 tam
1290 1270 1412 1323 dira
1445 1271 1677 1338 cupido?

221 1345 417 1399 Dicam
452 1345 722 1413 equidem,
761 1362 861 1399 nee
896 1350 955 1399 te
991 1362 1328 1415 suspensum,
1365 1350 1508 1414 nate,
1547 1347 1780 1414 teneb03

221 1420 457 1489 Suscipit
496 1421 778 1488 Anchises,
814 1425 983 1490 atque
1020 1422 1212 1476 ordine
1247 1422 1461 1489 singula
1496 1423 1704 1491 pandit.

290 1497 567 1566 Principio
602 1498 809 1552 caelum
846 1515 909 1552 ac
945 1502 1124 1552 terras
1157 1513 1483 1566 camposque
1521 1498 1780 1567 liquentis

219 1574 629 1643 Lucentemque
662 1573 887 1641 globum
925 1574 1112 1627 Lunae
1149 1574 1468 1640 Titaniaque
1505 1578 1654 1627 astra
1861 1590 1934 1633 ⁷25

219 1650 457 1720 Spiritus
492 1650 642 1704 intus
676 1650 789 1718 alit,
826 1653 1110 1720 totamque
1145 1648 1324 1702 infusa
1358 1666 1458 1718 per
1493 1654 1648 1704 artus

218 1727 383 1781 Mens
420 1727 596 1796 agitat
630 1727 831 1781 molem
866 1731 926 1781 et
961 1743 1158 1796 magno
1195 1743 1254 1780 se
1288 1743 1514 1796 corpore
1551 1727 1755 1782 miscet.

220 1803 364 1857 Inde
397 1804 674 1857 hominum
708 1804 1092 1873 pecudumque
1126 1821 1299 1872 genus
1334 1803 1591 1872 vitaeque
1627 1804 1908 1860 volantum

217 1879 293 1934 Et
330 1891 472 1950 quae
508 1896 813 1934 marmoreo
847 1879 959 1934 fert
995 1884 1240 1934 monstra
1275 1881 1376 1935 sub
1410 1897 1646 1949 aequore
1682 1886 1895 1949 pontus

218 1957 427 2024 Igneus
461 1963 549 2011 est
585 1957 703 2010 ollis
740 1957 893 2025 vigor
928 1961 986 2011 et
1021 1958 1274 2012 caelestis
1308 1959 1458 2026 origo
1857 1972 1930 2015 ⁷³0

217 2031 543 2100 Seminibus,
578 2037 843 2101 quantum
878 2050 984 2087 non
1019 2034 1183 2087 noxia
1217 2050 1441 2102 corpora
1475 2037 1700 2090 tardant

216 2109 557 2178 Terrenique
591 2109 854 2164 hebetant
888 2113 1043 2163 artus
1077 2110 1507 2178 moribundaque
1543 2111 1801 2165 membra.

218 2184 366 2238 Hinc
412 2188 665 2240 metuunt
712 2185 1063 2255 cupiuntque,
1112 2186 1300 2239 dolent
1345 2186 1713 2302 gaudentque,
1750 2203 1928 2255 neque

354 2277 517 2315 auras

218 2335 543 2406 Respiciunt
576 2337 791 2392 clausae
827 2337 1072 2392 tenebris
1109 2342 1168 2392 et
1200 2355 1418 2392 carcere
1453 2355 1624 2394 caeco,

218 2413 361 2478 Quin
396 2417 457 2466 et
492 2430 745 2482 supremo
781 2430 905 2468 cum
939 2415 1144 2467 lumine
1179 2415 1293 2468 vita
1327 2415 1566 2484 reliquit,
1854 2431 1934 2471 '73⁵

216 2489 267 2542 N
272 2505 341 2542 on
380 2493 567 2543 tamen
603 2506 763 2544 omne
798 2490 1000 2543 malum
1037 2491 1249 2544 miseris
1285 2507 1384 2544 nec
1419 2491 1668 2545 funditus
1703 2508 1892 2546 omnes

218 2566 528 2635 Corporeae
565 2565 839 2620 excedunt
872 2570 1069 2634 pestes,
1106 2567 1432 2635 penitusque
1467 2583 1686 2620 necesse
1721 2571 1808 2620 est

216 2640 399 2697 Multa
432 2641 529 2696 diu
564 2647 819 2696 concreta.
853 2643 1029 2696 modis
1064 2643 1360 2696 inolescere
1393 2642 1563 2698 miris,

216 2717 261 2770 E
262 2735 362 2788 rgo
399 2722 729 2772 exercentur
762 2718 967 2787 poenis,
1004 2722 1359 2786 veterumque
1392 2719 1657 2772 malorum

218 2794 495 2864 Supplicia
529 2794 874 2863 expendunt:
910 2794 1049 2847 aliae
1085 2794 1401 2863 panduntur
1437 2794 1610 2848 inanis
1851 2810 1924 2850 ⁷10

215 2871 524 2941 Suspensae
560 2871 632 2924 ad
669 2873 892 2934 ventos3
928 2870 1049 2924 aliis
1085 2870 1186 2923 sub
1221 2871 1438 2938 gurgite
1474 2874 1628 2924 vasto

217 2947 493 3002 Infectum
531 2947 734 3001 eluitur
770 2946 959 3012 scelus,
994 2950 1093 3000 aut
1128 2947 1378 3000 exuritur
1412 2947 1552 3014 igni;

217 3024 462 3093 Quisque
497 3039 623 3077 suos
657 3023 899 3092 patimur
934 3023 1142 3086 Manis;
1177 3022 1377 3075 exinde
1410 3038 1510 3090 per
1542 3021 1781 3089 amplum

218 3099 498 3154 Mittimur
538 3099 795 3168 Elysium,
832 3103 891 3151 et
926 3098 1084 3166 pauci
1120 3098 1267 3151 laeta
1303 3114 1431 3150 arva
1465 3101 1714 3150 tenemus
1729 3116 1746 3161 ;

214 3173 403 3230 Donec
434 3175 603 3245 longa
635 3174 769 3242 dies,
801 3172 1047 3241 perfecto
1079 3173 1344 3240 temporis
1378 3171 1526 3240 orbe,
1845 3181 1917 3220 ⁷45
