2163 3401
241 119 267 166 1
278 119 306 166 2
709 116 769 166 P.
809 115 1123 165 VERGILL
1148 117 1411 164 MARON
1414 117 1479 165 IS

240 193 396 249 Haec
430 195 532 250 tibi
569 212 785 265 semper
820 199 996 264 erunt,
1033 199 1093 250 et
1127 213 1252 251 cum
1287 195 1569 251 sollemnia
1601 200 1732 252 vota

237 271 554 325 Reddemus
592 272 644 324 N
647 272 874 340 ymphiS,
912 276 970 325 et
1007 289 1129 326 cum
1165 271 1520 326 lustrabimus
1555 289 1730 340 agros.
1898 290 1943 329 π

234 347 380 401 Dum
399 348 544 415 ,iuga
579 349 782 400 montis
818 365 964 416 aper,
1001 348 1195 402 fluvios
1232 348 1363 402 dum
1398 349 1563 417 piscis
1598 349 1819 420 amabit,

234 423 488 492 Dumque
526 424 712 491 thymo
748 428 1049 492 pascentur
1086 441 1230 491 apes,
1270 424 1400 477 dum
1437 441 1561 478 rore
1596 425 1831 495 cicadae,

233 499 460 568 Semper
483 500 654 554 honos
679 505 988 569 nomenque
1011 504 1171 554 tuum
1196 500 1499 569 laudesque
1533 500 1847 556 manebunt.

231 575 313 630 Ut
349 577 563 630 Baccho
603 577 917 645 Cererique,
957 576 1063 630 tibi
1100 577 1177 630 sic
1212 580 1341 630 vota
1376 581 1513 645 quot
1548 577 1702 630 annis
1735 601 1739 604 ·

233 653 523 720 Agricolae
557 653 796 718 facient3
834 652 1119 706 damnabis
1155 656 1229 706 tu'
1256 669 1475 721 quoque
1510 653 1665 706 votis.
1895 671 1941 710 8⁰

298 729 414 782 Mo,
455 729 606 794 Quae
632 728 752 796 tibi,
779 745 918 796 quae
943 729 1042 782 tali
1069 729 1301 782 reddam
1327 745 1426 798 pro
1447 729 1687 782 carmine
1712 730 1893 784 dona?

230 804 372 858 Nam
407 821 587 872 neque
622 821 710 858 me
747 809 964 857 tantum
1001 805 1273 858 venientis
1310 804 1501 858 sibilus
1536 805 1723 873 austri,

230 881 281 933 N
285 897 347 934 ec
380 897 636 950 percussa
673 881 863 934 iuvant
897 881 1068 933 fluctu
1105 885 1219 934 tam
1256 881 1433 948 litora,
1469 897 1570 934 nec
1606 897 1747 949 quae

231 957 462 1010 Saxosas
498 957 644 1011 inter
681 957 979 1012 decurrunt
1015 957 1239 1010 fiumina
1275 956 1457 1010 valles.

229 1033 339 1088 Me.
381 1031 502 1087 Hac
536 1038 729 1097 tenos
765 1033 947 1101 fragili
985 1034 1309 1087 donabimus
1345 1037 1473 1086 ante
1508 1033 1697 1087 cicuta.
1894 1052 1941 1088 85

231 1107 385 1163 Haec
419 1126 533 1176 nOS,
573 1110 894 1162 Formosum
933 1109 1184 1178 Corydon
1220 1109 1451 1163 ardebat
1490 1109 1728 1178 Alexim,
1870 1105 1884 1111 ”

231 1185 384 1238 Haec
420 1186 614 1239 eadem
653 1185 855 1252 docuit,
895 1184 1093 1238 Cuium
1128 1187 1335 1253 pecus?
1372 1202 1442 1238 an
1479 1185 1781 1241 Meliboei?

228 1261 343 1314 Mo.
372 1264 452 1315 At
477 1265 539 1313 tu
565 1277 718 1313 sume
742 1261 962 1328 pedum,
989 1261 1154 1330 quod,
1179 1277 1269 1314 me
1292 1277 1416 1314 cum
1441 1277 1605 1328 saepe
1630 1265 1865 1330 rogaret,

229 1338 353 1391 Non
390 1337 519 1390 tulit
558 1337 990 1402 Antigenes—et
1025 1341 1149 1390 erat
1184 1341 1303 1391 tum
1341 1336 1539 1404 dignus
1574 1339 1819 1392 amari—-

229 1413 549 1466 Formosum
584 1411 1003 1480 paribus'nodis
1040 1416 1211 1482 atque
1248 1429 1393 1480 aere,
1431 1412 1698 1468 Menalca.
1892 1429 1941 1469 oo

806 1585 1362 1671 ECLOGA„VL

951 1700 1218 1773 vAnus

225 1799 420 1855 PRIMA
456 1804 734 1872 Syracosio
771 1804 999 1873 dignata
1037 1810 1123 1860 est
1158 1806 1351 1861 ludere
1388 1824 1551 1861 versu

223 1876 427 1932 Nostra
461 1896 562 1934 nec
597 1880 820 1933 erubuit
857 1881 1022 1935 silvas
1061 1882 1317 1936 habitare
1354 1883 1559 1936 Thalia.

223 1952 360 2007 Cum
395 1972 644 2009 canerem
679 1974 836 2025 reges
873 1960 932 2010 et
966 1959 1189 2027 proelia,
1228 1958 1497 2026 Cynthius
1533 1974 1721 2019 aurem

223 2027 404 2095 Vellit,
441 2036 500 2085 et
535 2033 855 2087 admonuit:
896 2033 1199 2102 Pastorem,
1239 2033 1442 2103 Tityre,
1480 2034 1701 2103 pinguis

223 2105 452 2161 Pascere
487 2113 706 2177 oportet
742 2110 873 2176 ovis„
911 2109 1211 2164 deductum
1250 2110 1432 2163 dicere
1469 2126 1701 2163 carmen.
1917 2126 1938 2164 5

222 2181 274 2233 N
277 2199 384 2236 unc
405 2200 817 2253 ego—namque
842 2202 1009 2253 super
1034 2186 1141 2239 tibi
1167 2189 1345 2250 erunt,
1372 2186 1469 2254 qui
1498 2185 1680 2240 dicere
1702 2186 1908 2255 laudes,

225 2256 386 2326 Vare,
422 2263 544 2314 tuas
581 2262 800 2329 cupiant
837 2266 895 2315 et
929 2262 1114 2315 tristia
1150 2262 1390 2316 condere
1428 2261 1645 2315 bella—-

224 2335 519 2401 Agrestem
555 2337 707 2389 tenui
742 2336 1054 2389 meditabor
1092 2337 1359 2391 arundine
1397 2337 1632 2391 Musam.

223 2410 274 2463 N
277 2428 345 2463 on
368 2412 572 2465 iniussa
595 2428 742 2465 cano,
815 2411 870 2463 Si
897 2412 1022 2480 quis
1047 2416 1232 2465 tamen
1258 2414 1395 2467 haec
1419 2430 1654 2482 quoque,
1680 2415 1725 2469 si
1751 2416 1873 2485 quis

223 2486 430 2554 Captus
465 2504 649 2541 amore
685 2488 849 2554 leget,
887 2491 946 2540 te
982 2492 1216 2555 nostrae,
1258 2490 1421 2557 Vare,
1461 2492 1715 2560 myricae,
1894 2504 1936 2543 1)

222 2562 298 2615 'Pe
331 2580 522 2616 nemus
559 2579 719 2616 omne
757 2566 951 2629 canet;
987 2580 1089 2617 nec
1129 2564 1352 2620 Phoebo
1390 2568 1604 2635 gratior
1639 2568 1753 2622 ulla
1790 2571 1891 2635 est,

223 2639 397 2704 Quam
433 2639 535 2693 sibi
573 2657 713 2708 quae
752 2639 888 2692 Vari
924 2640 1283 2710 praescripsit
1319 2644 1521 2711 pagina
1554 2661 1771 2699 nomen.

292 2714 526 2783 Pergite,
567 2715 829 2769 Pierides.
905 2716 1157 2771 Chromis
1194 2720 1253 2770 et
1289 2717 1567 2787 Mnasylos
1602 2720 1659 2774 in
1696 2724 1858 2775 antro

221 2790 463 2844 Silenum
499 2792 654 2858 pueri
691 2810 878 2846 somno
918 2794 1122 2851 videre.
1140 2794 1429 2862 iacentem,

224 2865 482 2920 Inflatum
519 2867 776 2920 hesterno
812 2885 991 2937 venas,
1029 2875 1095 2924 ut
1130 2887 1361 2939 semper,
1403 2871 1630 2925 Iaccho:
1902 2884 1941 2921 1:

220 2942 383 2994 Serta
417 2942 607 3009 procul
643 2946 862 2995 tantum
898 2946 1065 3013 capiti
1104 2945 1327 3014 delapsa
1366 2946 1633 3015 iacebant,

223 3016 297 3069 Et
333 3017 512 3083 gravis
549 3018 742 3070 attrita
777 3019 1055 3086 pendebat
1094 3022 1390 3075 cantharus
1426 3039 1603 3076 ansa..

231 3091 693 3157 Adgressi—nam
733 3109 894 3162 saepe
932 3112 1101 3149 senex
1136 3114 1233 3165 spe
1268 3099 1523 3152 carminis
1554 3098 1719 3153 ambo

227 3164 777 3223 Luserat—inficiunt
812 3170 944 3238 ipsis
981 3188 1052 3225 ex
1088 3172 1302 3227 vincula
1338 3175 1517 3229 sertis.
