2163 3401
154 98 247 144 308
616 96 676 144 Ρ.
713 92 1027 143 VERGILI
1066 92 1407 143 MARONIS

151 174 371 227 Mecum
404 174 571 227 crede
604 175 733 239 solo,
768 190 1097 242 pugnaeque
1131 174 1354 241 accinge
1385 172 1664 241 pedestri:

153 250 271 302 Iam
309 266 513 315 nosces,
550 253 777 304 ventosa
809 250 952 303 ierat
987 251 1074 303 cui
1110 250 1286 317 gloria
1321 248 1550 303 laudem.

152 323 334 388 Dixit;
368 328 429 379 at
464 324 559 379 illa
592 326 781 379 furens
814 326 1036 395 acrique
1070 342 1297 379 accensa
1332 325 1518 379 dolore

150 400 343 455 Tradit
366 417 569 471 equum
592 402 791 467 comiti,
814 401 1150 471 paribusque
1183 402 1395 456 resistit
1417 402 1474 455 in
1495 402 1676 468 armis,
1789 417 1874 460 no

150 476 297 530 Ense
332 477 503 546 pedes
536 478 700 546 nudo,
734 494 980 547 puraque
1015 478 1271 533 interrita
1304 494 1504 546 parma.

152 555 235 606 At
268 553 493 621 iuvenis,
530 554 725 609 vicisse
758 554 884 607 dolo
918 557 1090 621 ratus,
1125 555 1308 608 avolat
1339 554 1473 623 ip&

152 628 322 682 Haud
357 646 524 695 mora,
562 632 946 700 conversisque
982 630 1152 699 fugax
1188 631 1438 684 aufertur
1471 629 1715 696 habenis,

152 703 683 775 Quadrupedemque
719 708 889 761 citum
923 706 1132 761 ferrata
1165 706 1312 761 calce
1347 706 1558 774 fatigat.

151 780 308 834 Vane
346 782 527 850 Ligus,
566 783 877 852 frustraque
912 783 1108 837 animis
1143 784 1287 837 elate
1323 781 1588 852 superbis,
1781 794 1864 837 ⁷15

149 856 500 926 Nequiquam
535 860 743 927 patrias
776 860 1065 929 temptasti
1103 860 1345 914 lubricus
1379 859 1531 925 artis,

150 933 269 987 Nec
301 934 454 988 fraus
488 940 549 989 te
582 935 909 989 incolumem
944 936 1124 989 fallaci
1159 936 1405 1005 perferet
1439 935 1623 988 Aun0.

150 1009 305 1065 Haec
339 1011 489 1065 fatur
523 1012 690 1080 virge,
719 1016 783 1080 ,et
814 1012 1131 1080 pernicibus
1165 1012 1326 1080 ignea
1358 1011 1560 1080 plantis

151 1085 368 1141 Transit
404 1104 605 1155 equum
640 1104 817 1155 cursu,
851 1088 1132 1157 frenisque
1167 1087 1400 1141 adversa
1431 1085 1716 1156 prehensis

151 1160 518 1229 Congreditur
539 1179 852 1233 poenasque
875 1164 1094 1217 inimico
1115 1181 1186 1218 ex
1209 1163 1470 1232 sanguine
1495 1161 1684 1217 sumit:
1775 1175 1862 1217 720

152 1237 326 1302 Quam
360 1238 517 1291 facile
552 1240 812 1308 accipiter
848 1257 979 1294 saxo
1014 1257 1169 1295 sacer
1203 1240 1317 1294 ales
1349 1238 1421 1293 ab
1453 1239 1568 1292 alto

151 1313 520 1384 Consequitur
552 1316 748 1384 pennis
783 1316 1070 1371 sublimem
1105 1317 1163 1369 in
1197 1315 1343 1370 nube
1377 1314 1698 1381 columbam,

151 1390 633 1461 Conprensamque
668 1395 837 1458 tenet,
873 1392 1219 1461 pedibusque
1253 1391 1522 1446 eviscerat
1554 1390 1740 1456 uncis3

150 1466 288 1520 Tum
324 1483 485 1521 cruor
520 1472 579 1523 et
614 1468 797 1521 volsas
833 1466 1096 1522 labuntur
1129 1467 1199 1522 ab
1235 1467 1460 1522 aethere
1493 1468 1724 1536 plumae.

221 1543 303 1596 At
326 1559 433 1596 non
456 1544 591 1597 haec
612 1543 775 1597 nullis
796 1544 1076 1599 hominum
1099 1548 1251 1599 sator
1271 1548 1441 1614 atque
1464 1545 1691 1597 deorum
1779 1556 1864 1599 ⁷2⁵

152 1617 462 1672 Observans
498 1620 668 1674 oculis
704 1636 917 1674 summo
953 1620 1114 1675 sedet
1147 1619 1294 1674 altus
1331 1620 1574 1689 Olympo.

150 1693 489 1763 Tyrrhenum
525 1697 743 1764 genitor
779 1696 1116 1752 Tarchonem
1151 1697 1209 1750 in
1243 1697 1450 1766 proelia
1483 1713 1644 1751 saeva

152 1771 405 1838 Suscitat‚
442 1775 501 1826 et
537 1773 773 1827 stimulis
806 1774 955 1827 haud
990 1772 1244 1827 mollibus
1279 1773 1452 1827 iniicit
1485 1773 1608 1827 iras.

151 1846 297 1915 Ergo
330 1848 478 1901 inter
512 1849 710 1903 caedes
745 1850 1110 1918 cedentiaque
1145 1849 1366 1918 agmina
1399 1849 1642 1902 Tarchon

152 1921 356 1977 Fertur
392 1941 550 1992 eque,
587 1926 860 1994 variisque
894 1925 1122 1994 instigat
1155 1925 1377 1980 vocibus
1409 1925 1538 1992 alas,
1771 1937 1860 1977 ⁷³0

150 1998 385 2052 Nomine
422 2015 696 2069 quemque
732 2018 941 2069 vocanS,
979 2001 1272 2070 reficitque
1304 2000 1362 2054 in
1397 2000 1605 2070 proelia
1637 1997 1842 2067 pulsos.

152 2075 287 2140 Quis
321 2079 516 2144 metus,
552 2093 585 2130 o
620 2093 917 2147 numquam
954 2077 1198 2144 dolituri,
1235 2093 1268 2130 o
1303 2092 1522 2145 semper
1553 2076 1755 2128 inertes

152 2151 429 2221 Tyrrheni,
468 2168 609 2221 quae
644 2157 801 2208 tanta
834 2153 1033 2208 animis
1065 2153 1282 2222 ignavia
1315 2153 1505 2206 venit?

152 2227 379 2282 Femina
413 2229 649 2298 palantis
684 2230 815 2298 agit,
852 2235 1021 2297 atque
1058 2229 1196 2294 haec
1229 2228 1447 2297 agmina
1481 2228 1688 2281 vertit?

153 2305 272 2370 Quo
306 2306 529 2372 ferrum,
566 2305 768 2374 quidve
805 2305 940 2358 haec
973 2305 1218 2374 gerimus
1253 2304 1367 2358 tela
1401 2304 1568 2358 inrita
1602 2300 1855 2358 dextrisl

152 2382 235 2434 At
269 2398 377 2434 non
412 2380 469 2434 in
507 2381 783 2435 Venerem
820 2398 1017 2449 segnes
1052 2385 1426 2449 nocturnaque
1460 2379 1620 2436 bella.
1777 2393 1859 2433 m

153 2458 287 2522 Aut,
324 2456 418 2510 ubi
455 2473 620 2510 curva
654 2457 845 2512 choros
879 2456 1081 2511 indixit
1117 2457 1256 2511 tibia
1292 2455 1507 2522 Baoehi,

152 2532 486 2602 Exspectare
523 2532 692 2603 dapes
728 2538 785 2589 et
820 2532 1012 2602 plenae
1045 2533 1241 2602 pocula
1275 2549 1578 2598 mensae,—

152 2609 263 2663 Hic
284 2625 451 2675 amor,
476 2608 579 2663 hoc
612 2609 1058 2663 studium—dum
1093 2625 1248 2662 sacra
1279 2607 1550 2662 secundus
1581 2607 1866 2674 haruspex

151 2683 401 2749 Nuntiet,
438 2701 501 2737 ac
536 2685 685 2738 lucos
718 2687 877 2739 vocet
911 2685 1092 2738 hostia
1125 2684 1340 2753 pinguis
1375 2684 1432 2737 in
1467 2683 1621 2738 altos.
1783 2696 1868 2737 740

152 2757 307 2808 Haec
343 2759 537 2812 effatus
574 2775 776 2827 equum
810 2761 867 2812 in
903 2759 1126 2827 medios,
1164 2761 1464 2814 moriturus
1497 2763 1558 2813 et
1592 2758 1726 2827 ipse,

151 2828 415 2895 concitat,
452 2837 511 2884 et
551 2834 765 2887 Venulo
812 2835 1102 2888 adversum
1139 2852 1200 2888 se
1237 2835 1496 2890 turbidus
1532 2835 1716 2902 infert,

150 2897 562 2970 Dereptumque
594 2906 666 2960 ab
702 2924 844 2976 equo
880 2908 1079 2962 dextra
1113 2911 1477 2978 conplectitur
1509 2910 1730 2964 hostem

151 2969 226 3020 13¹³
258 2973 525 3034 gremium
558 2984 690 3034 ante
726 2997 883 3034 suum
918 2983 1094 3036 multa
1127 2984 1181 3036 vi
1216 2986 1464 3039 concitus
1497 2985 1695 3040 aufert.

152 3040 384 3092 Tollitur
415 3044 471 3094 in
506 3052 715 3106 caelum
751 3055 967 3122 clamor,
1003 3059 1296 3126 cunctique
1331 3060 1516 3115 Latini
1789 3078 1872 3119 74⁵

153 3110 483 3167 Convertere
518 3123 716 3188 oculos.
786 3128 955 3182 Volat
988 3131 1183 3200 igneus
1216 3151 1458 3204 aequore
1494 3137 1762 3206 Tarchon,
