2163 3401
768 122 1137 173 AENEIDOS
1170 122 1937 175 LIB.V.179
1970 190 1974 195 ·

229 204 274 259 F
275 206 455 273 docet,
494 209 556 260 et
591 220 734 276 quae
767 220 913 258 nunc
947 202 1131 257 animo
1166 203 1443 258 sententia
1474 206 1705 259 constet.

231 282 401 337 Haud
428 299 586 336 mora
621 281 872 349 consiliis,
909 296 1012 335 nec
1045 280 1193 356 iussa
1226 283 1447 335 recusat
1484 282 1733 337 Acestes.

231 359 626 413 Transcribunt
659 358 785 412 urbi
820 361 1048 426 matres,
1076 358 1447 427 populumque
1481 358 1754 412 volentem
1871 372 1941 412 τω

230 436 540 505 Deponunt,
581 436 790 489 animos
825 434 902 487 nil
938 451 1169 503 magnae
1205 433 1385 489 laudis
1419 434 1647 503 egentis.

231 512 344 581 Ipsi
379 515 628 565 transtra
663 515 882 579 novant,
917 510 1261 579 flammisque
1298 510 1521 565 ambesa
1554 514 1825 580 reponunt

229 588 453 643 Robora
490 588 734 656 navigiis,
771 591 965 656 aptant
999 590 1293 657 remosque
1326 587 1703 657 rudentisque,

230 665 431 733 Exigui
467 681 714 732 uumer0,
751 666 854 718 sed
888 664 1032 719 bello
1067 664 1253 718 vivida
1287 665 1499 719 virtua·

231 743 458 800 Interea
496 742 713 795 Aeneas
748 740 944 794 urbem
981 740 1237 808 designat
1272 744 1457 795 aratro
1873 755 1945 798 75⁶

231 819 588 887 sortiturque
622 816 843 883 domos3
883 816 986 871 hoc
1024 817 1189 871 llium
1226 820 1285 871 et
1318 817 1453 871 haec
1490 818 1608 871 loca
1642 819 1855 872 Troiam

232 895 370 949 Esse
406 894 575 949 iubet.
651 894 873 949 Gaudet
908 910 1078 961 regno
1114 894 1381 947 Troianus
1420 895 1671 961 AcesteS,

234 971 550 1040 Indicitque
569 971 764 1029 forum
801 972 859 1023 et
893 970 1143 1039 patribus
1180 969 1279 1024 dat
1313 968 1434 1025 iura
1468 972 1687 1025 vocatis

233 1048 370 1101 Tum
409 1047 588 1106 vicina
622 1046 786 1101 astris
826 1046 1056 1115 Erycino
1092 1046 1150 1099 in
1186 1045 1393 1101 vertice
1428 1046 1587 1100 sedes

235 1123 528 1178 Fundatur
564 1122 770 1177 Veneri
809 1122 1036 1191 Idaliae,
1057 1122 1393 1191 ⁴tumuloque
1428 1123 1683 1178 sacerdos
1870 1140 1947 1185 xo

237 1203 321 1253 Ac
356 1200 514 1253 lucus
547 1198 660 1253 late
696 1216 850 1253 sacer
883 1198 1113 1252 additur
1149 1198 1437 1253 Anchiseo,

304 1276 542 1345 Iamque
575 1276 694 1329 dies
730 1275 952 1344 epulata
985 1291 1183 1329 novem
1218 1292 1354 1343 gens
1388 1278 1575 1341 omnis,
1608 1281 1668 1332 et
1701 1279 1812 1333 aris

236 1352 441 1406 Factus
477 1352 674 1405 honos:
715 1352 918 1419 placidi
956 1354 1272 1405 straverunt
1308 1368 1547 1419 aequora
1581 1355 1747 1421 venti,

237 1428 446 1483 Creber
483 1434 542 1481 et
577 1428 861 1495 adspirans
895 1444 1085 1481 rursus
1120 1430 1276 1481 vocat
1298 1430 1526 1482 'Auster
1559 1430 1617 1482 in
1652 1430 1840 1484 altum.

236 1504 501 1564 Exoritur
533 1520 804 1573 procurva
836 1504 1028 1571 ingens
1060 1520 1163 1571 per
1196 1503 1359 1557 litora
1393 1503 1584 1571 fletus;
1874 1520 1949 1562 765

237 1580 501 1650 Conplexi
536 1581 684 1633 inter
719 1597 779 1638 se
814 1583 1143 1647 noctemque
1180 1578 1438 1648 diemque
1474 1592 1769 1637 morantur.

238 1657 402 1727 Ipsae
436 1658 548 1712 iam
583 1660 803 1725 matres,
841 1656 958 1726 ipsi,
995 1656 1197 1726 quibus
1234 1672 1429 1726 aspera
1464 1657 1741 1726 quondam

235 1733 372 1788 Visa
407 1735 576 1788 maris
610 1735 776 1788 facies
813 1738 871 1788 et
906 1750 1012 1788 non
1051 1733 1337 1787 tolerabile
1371 1752 1585 1803 nomen,

237 1810 331 1863 Ire
363 1810 570 1878 volunt,
608 1825 932 1879 omnemque
968 1810 1132 1878 fugae
1166 1811 1413 1878 perferre
1449 1813 1707 1868 laborem.
1867 1875 1873 1880 ,

236 1887 384 1950 Quos
419 1885 594 1940 bonus
633 1890 851 1940 Aeneas
887 1887 1048 1941 dictis
1084 1886 1296 1940 solatur
1328 1889 1531 1956 amicis,
1874 1901 1951 1944 πο

236 1963 311 2016 Et
345 1963 744 2032 consanguineo
779 1963 1068 2024 lacrimans
1105 1965 1450 2020 commendat
1485 1967 1738 2020 Acestae,

235 2039 357 2094 Tris
391 2040 554 2108 Eryci
589 2039 790 2094 vitulos
825 2043 902 2094 et-
919 2039 1365 2108 Tempestatibus
1400 2058 1597 2110 agnam

236 2116 486 2170 Caedere
522 2115 723 2177 deinde
756 2114 926 2184 iubet,
964 2115 1210 2186 solvique
1244 2133 1315 2172 ex
1351 2118 1543 2172 ordine
1575 2117 1777 2173 funem.

236 2191 382 2262 Ipse,
421 2196 585 2261 caput
620 2196 812 2246 tonsae
846 2193 989 2246 foliis
1025 2194 1271 2253 evinctus
1307 2194 1494 2261 olivae,

235 2267 400 2324 Stans
422 2265 609 2337 procul
634 2268 690 2320 in
715 2285 880 2337 prora
903 2273 1153 2338 pateram
1179 2273 1350 2337 tenet,
1376 2274 1613 2338 extaque
1638 2271 1808 2324 salsos
1875 2284 1948 2326 m

234 2345 469 2399 Porricit
502 2344 564 2398 in
597 2345 796 2398 fluctus
833 2362 896 2399 ac
923 2346 1055 2408 ,vina
1092 2346 1359 2415 liquentia
1394 2346 1597 2401 fundit.

234 2421 600 2489 Prosequitur
637 2437 868 2490 surgens
904 2439 938 2476 a
972 2423 1143 2491 puppi
1179 2426 1377 2478 ventus
1414 2423 1609 2478 euntis.

234 2497 506 2552 Certatim
540 2498 670 2552 socii
707 2498 916 2552 feriunt
949 2516 1102 2554 mare
1140 2502 1200 2553 et
1234 2515 1475 2569 aequora
1508 2503 1747 2556 verrunt.

301 2577 388 2629 At
421 2573 612 2628 Venus
647 2575 859 2628 interea
895 2574 1217 2644 Neptunum
1254 2577 1497 2634 exercita
1529 2577 1675 2629 curis

236 2650 589 2719 Adloquitur,
625 2651 864 2720 talisque
901 2650 1135 2704 effundit
1170 2661 1395 2720 pectore
1434 2656 1687 2722 questus:
1875 2663 1951 2706 vsa

234 2727 460 2781 Iunonis
494 2728 680 2795 gravis
715 2727 800 2782 ira
832 2744 942 2782 nec-
973 2727 1340 2782 exsaturabile
1376 2732 1567 2796 pectus

233 2803 453 2872 Cogunt
487 2821 590 2873 me,
629 2804 904 2874 Neptune,
942 2821 1135 2875 preces
1177 2805 1512 2859 descendere
1548 2805 1605 2858 in
1642 2804 1845 2870 omnis;

235 2880 414 2946 Quam
447 2897 548 2935 nee
576 2847 744 2950 longa
781 2881 915 2947 dice,
951 2882 1132 2950 pietas
1167 2898 1269 2935 nec
1304 2881 1521 2950 mitigat
1556 2881 1682 2948 ulla,

233 2957 350 3012 Nec
387 2957 536 3010 Iovis
572 2957 782 3026 inperio
817 2958 1056 3026 fatisque
1091 2958 1324 3012 infracta
1360 2957 1605 3026 quiescit.

233 3034 284 3088 N
287 3051 358 3088 on
395 3033 580 3088 media
614 3034 686 3088 de
721 3037 890 3102 gente
927 3033 1203 3103 Phrygum
1240 3033 1489 3088 exedisse
1526 3032 1795 3087 nefandis
1878 3005 1953 3085 vsa
2107 3055 2125 3106 4

232 3109 446 3166 Urbem
482 3110 622 3165 odiis
659 3112 792 3165 satis
829 3113 929 3178 est,
963 3127 1065 3164 nec
1101 3125 1333 3179 poenam
1369 3113 1528 3164 traxe
1563 3125 1663 3178 per
1704 3123 1950 3175 omnem.-

235 3186 523 3306 Βοίἰᾳιιιέειε
559 3188 769 3252 Troiae,
807 3187 1018 3240 cineres
1035 3189 1225 3254 ‚atque
1260 3203 1383 3240 ossa
1415 3187 1737 3254 peremptae
1789 3227 1796 3232 .
1884 3227 1889 3232 .
