2163 3401
162 107 223 151 26
647 105 726 150 P..
743 101 1052 151 VERGILI
1090 102 1351 150 MARON
1354 103 1419 151 IS

161 181 299 249 Illic,
335 182 574 236 officiant
608 182 767 235 laetis
803 200 872 235 ne
906 182 1158 250 frugibus
1193 182 1414 251 herbae,

163 258 284 323 Hic,
321 258 564 312 sterilem
603 260 832 326 exig-uus
867 276 936 311 ne
973 259 1195 313 deserat
1230 260 1426 312 humor
1460 273 1696 315 arenam.
1724 277 1738 309 v
1826 266 1878 308 τῆ

233 334 480 387 Alternis
516 334 662 388 idem
699 338 883 388 tonsas
920 351 1133 388 cessare
1168 336 1402 401 novales,

161 411 236 464 Et
271 427 494 478 segnem
529 411 741 479 patiere
777 413 884 464 situ
922 412 1214 466 durescere
1250 429 1537 480 campum3

164 488 283 540 Aut
317 486 396 540 ibi
432 487 571 540 flava
608 505 756 540 seres
792 491 1004 540 mutato
1040 487 1223 541 sidere
1260 489 1422 555 farra,

162 562 326 616 Unde
362 564 514 630 prius
549 564 755 616 laetum
792 563 987 631 siliqua
1025 568 1316 630 quassante
1350 564 1605 631 legumen

163 641 282 693 Aut
317 641 497 694 tenuis
533 641 678 693 fetus
714 641 884 693 viciae
920 640 1206 708 tristisque
1242 640 1412 709 lupini
1830 657 1880 700 γε

161 714 458 770 sustuleris
495 717 704 784 fragilis
740 717 974 770 calamos
1010 717 1309 784 silvamque
1346 720 1649 772 sonantem.

162 792 291 846 Urit
327 793 470 845 enim
505 792 599 845 lini
635 785 886 861 campum
924 810 1096 861 seges,
1124 793 1246 847 ,urit
1282 809 1499 856 avenae,

161 868 346 922 Urunt
383 869 625 923 Lethaeo
659 868 879 936 perfusa
913 885 1186 936 papavera
1222 885 1441 922 somno:

163 945 273 998 Sed
309 948 492 996 tamen
530 945 754 997 alternis
791 943 962 997 facilis
999 944 1188 1010 labor3
1222 945 1377 997 arida
1413 947 1628 997 tantum

163 1020 250 1073 Ne
285 1025 532 1074 saturare
569 1021 696 1074 fimo
733 1020 920 1086 pingui
955 1020 1163 1088 pudeat
1201 1021 1327 1088 sola,
1363 1037 1499 1074 neve
1826 1036 1881 1074 so

163 1097 368 1150 Effetos
404 1097 640 1149 cinerem
676 1096 998 1149 inmundum
1036 1097 1239 1150 iactare
1276 1114 1375 1165 per
1409 1113 1585 1165 agros.

163 1173 250 1226 Sic
287 1188 501 1240 quoque
538 1172 764 1224 mutatis
799 1172 1150 1239 requiescunt
1184 1172 1387 1226 fetibus
1422 1189 1566 1232 arva.

164 1250 213 1303 N
217 1267 281 1304 ec
314 1249 462 1302 nulla
498 1249 708 1301 interea
745 1252 831 1301 est
865 1249 1113 1303 inaratae
1150 1250 1331 1318 gratia
1366 1254 1563 1303 terrac.

163 1325 335 1395 Saepe
374 1325 541 1378 etiam
579 1325 780 1378 sterilis
815 1325 1107 1379 incendere
1142 1326 1348 1395 profuit
1382 1343 1541 1394 agros

165 1405 351 1470 Atque
386 1402 562 1455 levem
599 1403 852 1469 stipulam
889 1402 1283 1470 crepitantibus
1318 1419 1479 1456 urere
1515 1402 1781 1466 fiammis:
1828 1418 1879 1457 85

162 1479 286 1532 Sive
319 1477 448 1531 inde
483 1478 723 1531 occultas
760 1478 887 1530 viris
925 1481 984 1532 et
1019 1478 1221 1548 pabula
1257 1482 1437 1531 terrae
1770 1497 1773 1502 ·

163 1556 388 1622 Pinguia
423 1555 765 1622 concipiunt3
801 1556 912 1608 sive
947 1555 1051 1608 illis
1089 1572 1247 1608 omne
1283 1568 1382 1624 per
1417 1556 1597 1622 ignem

162 1631 496 1700 Excoquitur
531 1631 739 1695 vitium,
779 1636 948 1699 atque
987 1631 1223 1684 exsudat
1260 1631 1464 1684 inutilis
1500 1630 1728 1696 humor3

161 1708 271 1761 Seu
305 1708 475 1775 pluris
512 1706 658 1761 calor
692 1708 785 1760 ille
822 1709 936 1761 vias
973 1712 1031 1761 et
1067 1724 1227 1761 caeca
1263 1710 1475 1761 relaxat

162 1784 522 1852 spiramenta,
559 1800 725 1837 novas
764 1785 944 1838 veniat
981 1802 1089 1855 qua
1128 1802 1287 1838 sucus
1322 1786 1377 1838 in
1414 1785 1648 1850 herbas3
1828 1798 1883 1838 oo

162 1860 272 1913 Seu
308 1860 471 1912 durat
506 1861 692 1929 magiS‚
729 1864 786 1914 et
823 1878 987 1914 venas
1025 1862 1319 1929 adstringit
1356 1860 1573 1928 hiantis,

161 1935 248 1988 Ne
284 1939 475 1988 tenues
510 1936 738 2003 pluviae,
776 1937 1018 2005 rapidive
1055 1940 1302 2005 potentia
1339 1938 1465 1991 solis

163 2012 371 2079 Acrior,
409 2016 506 2065 aut
543 2012 754 2066 Boreae
789 2013 1130 2081 penetrabile
1167 2015 1338 2081 frigus
1377 2014 1590 2066 adurat.

231 2088 465 2141 Multum
502 2087 654 2154 aden,
689 2090 881 2141 rastris
917 2089 1140 2157 glaebas
1182 2092 1273 2159 qui
1310 2091 1515 2157 frangit
1548 2089 1763 2143 inertis·

163 2163 546 2232 vimineasque
581 2164 753 2217 trahit
789 2166 966 2233 cratis,
1003 2167 1153 2219 iuvat
1191 2184 1358 2232 arva3
1394 2183 1570 2234 neque
1602 2165 1757 2218 illum
1832 2176 1885 2216 es

57 2293 62 2296 .
164 2240 330 2294 Flava
347 2242 531 2298 ,Ceres
567 2240 677 2294 alto
715 2243 1040 2309 nequiquam
1079 2248 1291 2311 spectat
1328 2243 1595 2312 Olymp03

163 2316 236 2369 Et
272 2318 381 2385 qui,
417 2318 680 2383 proscisso
718 2334 857 2385 quae
895 2321 1123 2371 suscitat
1163 2337 1398 2389 aequore
1435 2324 1608 2387 terga,

86 2404 92 2409 '
163 2392 371 2446 Rursus
405 2393 460 2445 in
497 2392 773 2460 obliquum
811 2410 966 2447 verso
1005 2398 1316 2465 perrumpit
1354 2399 1553 2464 aratr0‚

167 2468 503 2536 Exercetque
538 2468 796 2537 frequens
833 2471 1100 2538 tellurem,
1136 2478 1302 2541 atque
1337 2473 1551 2540 inperat
1586 2472 1742 2534 arvis⁸

231 2545 473 2599 Humida
508 2545 740 2599 solstitia
775 2550 940 2615 atque
976 2548 1181 2601 hiemes
1216 2551 1370 2601 orate
1406 2564 1639 2614 serenas,
1815 2560 1891 2600 100

165 2621 451 2688 Agricolae
477 2644 488 2687 ;
523 2621 750 2676 hiberno
788 2623 1089 2678 laetissima
1125 2624 1352 2693 pulvere
1388 2625 1550 2690 farra,

164 2696 364 2749 Laetus
401 2714 560 2764 ager:
599 2699 748 2752 nullo
787 2704 1001 2753 tantum
1042 2718 1103 2754 se
1141 2700 1315 2769 Mysia
1355 2701 1509 2754 cultu

165 2772 346 2823 Iactat
381 2776 440 2824 et
472 2774 590 2840 ipsa
623 2791 746 2827 suas
782 2779 1046 2830 mirantur
1084 2776 1328 2844 Gargara
1362 2777 1566 2830 messis.

165 2845 306 2906 Quid
344 2846 532 2910 dicam,
566 2849 710 2900 iacto
750 2853 842 2917 qui
879 2854 1083 2905 semine
1122 2854 1427 2905 comminus
1464 2868 1595 2905 arva

166 2918 480 2985 Insequitur
515 2924 865 2991 cumulosque
901 2930 1012 2979 ruit
1048 2929 1190 2981 male
1227 2929 1443 2997 pinguis
1478 2941 1695 2994 arenae,
1820 2938 1897 2981 10⁵

164 2991 378 3045 Deinde
416 2996 546 3048 satis
582 2995 803 3049 fiuvium
840 3000 1049 3055 inducit
1085 3004 1339 3072 rivosque
1377 3008 1676 3073 sequentis,

163 3066 250 3131 Et,
287 3082 410 3119 cum
448 3074 673 3124 exustus
709 3088 843 3139 ager
879 3078 1241 3131 morientibus
1278 3082 1501 3133 aestuat
1535 3078 1738 3141 herbis,

164 3140 300 3194 Ecce
336 3146 620 3210 supercilio
659 3148 840 3201 clivosi
877 3152 1114 3206 tramitis
1147 3156 1351 3209 undam
