2163 3401
702 106 1065 156 AENEIDOS
1099 108 1240 157 LIB.
1278 110 1378 160 XI.
1823 116 1916 164 291

283 185 371 239 Sic
408 186 488 239 ait
522 185 870 239 inlacrimans
907 188 1212 255 recipitque
1249 191 1320 243 ad
1357 192 1544 248 limina
1577 210 1844 263 gressum,

206 262 419 330 Corpus
453 261 549 314 ubi
588 262 823 315 exanimi
861 264 1101 331 positum
1141 266 1404 321 Pallantis
1443 270 1682 325 Acoetes
1869 284 1920 323 so

206 338 475 391 Servabat
513 339 706 405 senior,
746 339 839 407 qui
880 340 1171 394 Parrhasio
1211 342 1466 399 Euandro

208 414 468 481 Armiger
504 418 633 468 ante
670 414 791 481 fuit,
831 415 929 468 sed
966 432 1069 468 non
1111 418 1360 473 felicibus
1397 438 1572 490 aeque

204 492 342 544 Tum
378 507 559 545 eomes
596 492 851 560 auspiciis
886 510 1013 547 earo
1050 493 1214 548 datus
1249 496 1366 550 ibat
1407 498 1637 551 alumne.

205 568 423 621 Circum
460 569 635 621 omnis
670 569 1044 638 famulumque
1080 587 1275 626 manus
1311 573 1649 643 Troianaque
1685 575 1850 629 turba

206 644 277 697 Et
311 649 581 699 maestum
620 644 825 699 Iliades
860 647 1065 699 crinem
1103 646 1176 700 de
1211 665 1362 701 more
1399 651 1622 705 solutae.
1865 667 1914 705 35

206 721 283 775 Ut
317 738 446 783 vero
486 725 705 783 Aeneas
741 722 947 776 foribus
986 740 1106 776 sese
1144 724 1332 779 intulit
1368 727 1510 794 altis,

205 796 493 865 Ingentem
531 798 799 865 gemitum
836 800 1013 852 tunsis
1048 801 1122 853 ad
1157 801 1342 855 sidera
1376 802 1577 857 tollunt

206 874 539 939 Pectoribus,
576 879 894 945 maestoque
931 876 1172 945 inmugit
1211 879 1363 946 regia
1399 878 1563 933 luctu.

204 950 345 1018 Ipse,
382 955 547 1019 caput
583 952 727 1004 nivei
765 952 962 1005 fultum
1004 952 1268 1007 Pallantis
1305 958 1364 1008 et
1400 971 1496 1007 ora

204 1026 281 1079 Ut
316 1026 457 1079 vidit
492 1027 711 1096 levique
745 1030 941 1095 patens
978 1029 1033 1081 in
1070 1034 1294 1098 pectore
1331 1030 1521 1083 volnus
1863 1044 1912 1083 ω

203 1102 457 1171 Cuspidis
496 1105 785 1171 Ausoniae,
820 1104 1059 1158 lacrimis
1094 1106 1174 1159 ita
1207 1106 1357 1159 fatur
1391 1106 1627 1161 obortis:

204 1177 361 1244 Tene,
400 1179 595 1247 inquit,
631 1180 939 1234 miserande
974 1198 1129 1249 puer,
1165 1198 1288 1235 cum
1325 1183 1471 1237 laeta
1507 1182 1734 1248 veniret,

204 1255 413 1308 Invidit
450 1255 695 1309 Fortuna.
729 1257 879 1321 mihi,
913 1274 985 1309 ne
1018 1274 1192 1325 regna
1227 1259 1442 1313 videres

203 1330 421 1398 Nostra,
458 1348 637 1401 neque
672 1332 744 1385 ad
781 1333 943 1385 sedes
982 1334 1158 1387 vietor
1194 1335 1454 1390 veherere
1489 1338 1780 1403 paternas?

200 1408 324 1461 Non
361 1407 499 1461 haec
535 1408 793 1462 Euandro
831 1408 901 1462 de
940 1413 997 1463 te
1030 1411 1300 1478 promissa
1335 1410 1552 1480 parenti
1869 1429 1915 1466 45

200 1483 505 1537 Discedens
542 1483 819 1552 dederam,
857 1502 981 1537 cum
1016 1502 1107 1539 me
1142 1486 1438 1554 conplexus
1476 1488 1696 1539 euntem

199 1558 456 1613 Mitteret
492 1561 547 1613 in
584 1576 840 1627 magnum
876 1562 1167 1629 inperium,
1205 1566 1566 1628 metuensque
1601 1566 1852 1615 moneret

201 1636 362 1689 Aeris
399 1652 519 1689 esse
554 1636 713 1703 viros,
751 1653 873 1690 cum
910 1637 1051 1690 dura
1086 1638 1294 1707 proelia
1327 1641 1508 1707 gente.

200 1712 273 1766 Et
306 1729 451 1766 nune
486 1713 579 1766 ille
615 1709 837 1781 quidem
874 1731 971 1782 spe
1006 1715 1242 1768 multum
1278 1718 1470 1783 captus
1507 1714 1652 1766 inani

200 1789 337 1843 Fors
374 1793 434 1844 et
470 1793 597 1842 vota
631 1789 777 1857 facit,
814 1791 1165 1858 cumulatque
1202 1792 1397 1845 altaria
1434 1790 1620 1856 donis;
1861 1807 1910 1845 ω

198 1865 249 1918 N
251 1881 313 1918 os
350 1865 603 1920 iuvenem
639 1866 949 1919 exanimum
985 1871 1043 1920 et
1078 1867 1152 1919 nil
1189 1868 1298 1922 iam
1333 1866 1661 1921 caelestibus
1697 1867 1823 1921 ullis

198 1941 513 1995 Debentem
551 1958 688 1994 vano
726 1941 920 1995 maesti
958 1944 1283 1996 comitamur
1317 1944 1535 1998 honore.

203 2017 416 2083 Infelix,
454 2018 569 2070 nati
604 2018 769 2070 funus
804 2017 1025 2071 crudele
1064 2019 1304 2074 videbis!

200 2094 277 2146 Hi
313 2093 489 2148 nostri
519 2094 747 2158 reditus,
787 2095 1202 2164 exspectatique
1239 2098 1536 2166 triumphi?

198 2171 357 2223 Haec
380 2187 503 2223 mea
525 2187 724 2238 magna
748 2170 886 2223 fides
898 2172 918 2224 ‘l
947 2171 1026 2224 At
1050 2188 1173 2238 non,
1201 2173 1475 2239 Euandre,
1499 2172 1776 2239 pudendis
1860 2190 1908 2228 ⁵⁵

198 2246 533 2300 volneribus
566 2245 783 2314 pulsum
821 2247 1086 2315 aspicies;
1121 2265 1222 2301 nee
1258 2247 1462 2315 sospite
1499 2247 1680 2299 dirum

196 2321 435 2391 Optabis
470 2326 598 2376 nato
634 2324 797 2376 funus
833 2328 1008 2392 pater.
1085 2325 1194 2378 Hei
1231 2324 1379 2390 mihi,
1419 2327 1683 2392 quantum

198 2398 545 2452 Praesidium
590 2399 829 2452 Ausonia
868 2403 925 2452 et
960 2404 1225 2468 quantum
1266 2404 1329 2454 tu
1364 2400 1567 2470 perdis,
1607 2399 1756 2454 Iule!

269 2475 425 2527 Haec
462 2474 555 2527 ubi
591 2473 830 2541 deflevit,
870 2475 987 2528 tolli
1025 2476 1338 2529 miserabile
1374 2493 1568 2542 eorpus

198 2551 443 2619 Inperat,
481 2554 539 2604 et
574 2555 691 2605 toto
728 2551 898 2605 lectos
936 2569 1003 2605 ex
1042 2552 1258 2620 agmine
1295 2551 1470 2605 mittit
1857 2558 1908 2597 ⁶⁰

194 2627 352 2680 Mille
388 2627 546 2694 viros,
584 2628 677 2696 qui
714 2645 1027 2696 supremum
1065 2629 1396 2681 comitentur
1431 2627 1708 2693 honorem,

194 2703 579 2771 Intersintque
615 2705 788 2772 patris
824 2703 1075 2769 lacrimiS,
1115 2703 1308 2756 solatia
1344 2703 1521 2756 luctus

192 2778 409 2846 Exigua
443 2779 695 2847 ingentis,
732 2781 930 2834 misero
968 2779 1067 2832 sed
1105 2779 1294 2833 debita
1329 2780 1488 2848 patri.

195 2854 369 2908 Haud
406 2871 601 2923 segnes
636 2855 728 2908 alii
765 2856 929 2908 cratis
968 2859 1025 2909 et
1060 2855 1224 2908 molle
1261 2856 1526 2909 feretrum

197 2930 467 2985 Arbuteis
502 2935 704 2985 texunt
738 2931 905 2999 virgis
942 2935 1001 2984 et
1035 2933 1237 2984 vimine
1278 2949 1502 2999 queruO,
1859 2947 1907 2985 σε

195 3008 642 3074 Exstruetosque
678 3011 829 3059 toros
864 3007 1098 3059 obtentu
1133 3007 1342 3058 frondis
1378 3006 1707 3060 inumbrant.

193 3083 306 3136 Hie
343 3083 595 3135 iuvenem
633 3081 839 3148 agresti
878 3080 1165 3133 sublimem
1203 3081 1462 3133 stramine
1496 3085 1731 3148 ponunt:

193 3158 428 3224 Qualem
462 3157 711 3224 virgineo
748 3155 1057 3210 demessum
1096 3155 1290 3221 pollice
1325 3154 1514 3208 florem

318 3235 382 3279 23
