2163 3401
740 476 800 525 P.
836 476 1148 525 VERGILI
1181 478 1442 527 MARON
1450 477 1520 526 Is

654 641 1608 721 AENEIDOS

734 831 738 835 “
814 828 1053 885 LIBER·
1089 830 1458 887 OCTAVUS.

1028 992 1234 1023 ...ψ-

272 1124 360 1181 ΠΤ
392 1124 529 1181 belli
566 1126 781 1195 signum
809 1128 1086 1183 'Laurenti
1123 1130 1338 1183 Turnus
1372 1126 1446 1183 ab
1478 1144 1605 1185 arce

271 1202 505 1271 Extulit,
539 1206 601 1257 et
632 1220 797 1257 rauco
834 1208 1192 1274 strepuerunt
1227 1222 1430 1259 cornua
1463 1209 1646 1272 cantu,

274 1278 463 1347 thue
496 1279 641 1332 acris
675 1280 945 1335 concussit
980 1296 1166 1349 equos,
1201 1284 1374 1351 utque
1409 1282 1610 1350 inpulit
1643 1298 1814 1351 arma,

270 1354 565 1423 Extemplo
598 1354 809 1409 turbati
844 1356 1027 1424 animi,
1062 1356 1226 1411 simul
1261 1374 1422 1413 omne
1457 1358 1700 1412 tumultu

269 1430 537 1484 Coniurat
572 1431 791 1500 trepido
829 1432 1064 1501 Latium,
1101 1434 1386 1503 saevitque
1419 1433 1672 1487 iuventus
1955 1455 1980 1493 ⁵

268 1506 467 1561 Effera.
542 1506 815 1561 Ductores
850 1510 1013 1577 primi
1048 1510 1340 1577 Messapus
1373 1512 1433 1563 et
1468 1509 1641 1563 Ufens

270 1582 746 1652 Contemptorque,
778 1583 941 1639 deum
980 1584 1289 1639 Mezentius
1322 1584 1566 1653 undique
1602 1588 1805 1652 cogunt

268 1659 510 1728 Auxilia,
546 1663 605 1714 et
640 1659 782 1716 latos
816 1664 1035 1716 vastant
1069 1660 1375 1716 cultoribus
1410 1676 1588 1730 agros,

268 1737 523 1791 Mittitur
546 1740 617 1791 ‘et
650 1738 833 1805 magni
870 1738 1116 1792 Venulus
1153 1737 1438 1792 Diomedis
1473 1737 1545 1791 ad
1579 1737 1790 1806 urbem,

254 1813 369 1878 Qui
406 1815 571 1882 petat
606 1814 884 1882 auxilium,
920 1818 995 1881 et,
1032 1815 1192 1870 Latio
1227 1815 1524 1869 consistere
1560 1815 1812 1883 Teucros,
1930 1831 1977 1870 ιο

269 1889 583 1943 Advectum
621 1891 847 1944 Aenean
880 1890 1038 1944 classi
1074 1892 1358 1960 victosque
1395 1890 1618 1945 Penatis

266 1966 291 2017 Ι
298 1966 483 2018 nferre
519 1969 577 2027 ‚et
612 1965 743 2018 fatis
776 1982 961 2034 regem
1000 1983 1059 2020 se
1097 1966 1292 2032 dicere,
1316 1967 1481 2037 posci,

266 2041 525 2107 Edoceat‚
562 2040 873 2110 multasque
909 2043 1025 2094 viro
1060 2059 1120 2096 sc
1154 2043 1454 2112 adiungere
1488 2043 1672 2112 gentis

265 2117 561 2184 DardaniO,
597 2120 657 2170 et
691 2118 801 2177 late
838 2117 997 2171 Latio
1032 2119 1408 2174 increbescere
1441 2136 1656 2174 nomen.

264 2193 410 2258 Quid
434 2196 615 2267 struat
638 2192 723 2246 his
746 2193 969 2262 coeptiS‚
995 2211 1174 2263 quem,
1201 2195 1246 2248 si
1275 2195 1518 2250 Fortuna
1541 2198 1820 2264 sequatur,
1923 2212 1971 2251 15

263 2271 539 2324 Eventum
576 2286 791 2338 pugnae
825 2272 1025 2338 cupiat,
1062 2271 1404 2326 manifestius
1438 2272 1558 2340 ipsi,

265 2347 442 2412 Quam
480 2345 662 2398 Turno
697 2345 833 2414 regi,
866 2351 963 2400 aut
998 2347 1116 2415 regi
1154 2348 1421 2416 adparere
1457 2346 1669 2403 Latino.

331 2421 486 2476 Talia
520 2438 621 2490 per
656 2421 889 2476 Latium.
964 2424 1116 2488 Quae
1154 2423 1581 2478 Laomedontius
1616 2423 1778 2478 heros

264 2497 477 2552 Cuncta
510 2498 703 2552 videns
736 2515 933 2566 magno
967 2515 1222 2554 curarum
1257 2500 1494 2559 fluctuat*
1521 2504 1710 2565 aestu3

264 2576 461 2644 Atque
485 2574 727 2628 animum
750 2591 891 2628 nunc
914 2575 1019 2629 huc
1042 2577 1294 2642 celerem,
1318 2593 1460 2631 nunc
1484 2576 1683 2630 dividit
1705 2575 1847 2644 illuc,
1919 2591 1968 2629 ao

264 2650 331 2704 In
368 2652 656 2719 partisque
688 2651 837 2719 rapit
870 2654 1047 2706 varias
1081 2669 1291 2722 perque
1327 2653 1508 2706 omnia
1541 2656 1751 2707 versat:

262 2726 420 2782 Sicut
454 2741 631 2794 aquae
664 2727 962 2781 tremulum
997 2727 1166 2783 labris
1201 2728 1295 2782 ubi
1332 2728 1514 2782 lumen
1549 2727 1702 2792 aenis

262 2803 391 2857 Sole
426 2819 807 2872 repercussum
842 2807 938 2857 aut
972 2805 1240 2858 radiantis
1276 2804 1512 2872 imagine
1549 2803 1739 2858 Lunae

264 2877 465 2932 Omnia
498 2878 790 2946 pervolitat
823 2878 935 2933 late
968 2879 1102 2946 loca,
1137 2880 1354 2948 iamque
1391 2879 1494 2934 sub
1529 2897 1690 2934 auras

262 2953 514 3022 Erigitur
545 2955 853 3022 summique
885 2953 1017 3008 ferit
1050 2956 1334 3026 laquearia
1367 2957 1514 3012 tecti.
1917 2973 1965 3010 2⁵

262 3030 390 3085 Nox
427 3033 565 3097 erat,
600 3033 659 3084 et
693 3034 873 3084 terras
906 3031 1158 3085 animalia
1192 3033 1336 3087 fessa
1370 3047 1468 3096 per
1503 3033 1678 3084 omnis

262 3107 519 3161 Alituum
554 3105 937 3174 pecudumque
970 3121 1144 3172 genus
1179 3122 1342 3174 sopor
1375 3107 1519 3160 altus
1553 3105 1816 3158 habebat:

263 3183 405 3239 Cum
438 3184 605 3248 pater
637 3181 695 3236 in
729 3181 850 3249 ripa
882 3179 1162 3248 gelidique
1198 3181 1576 3256 subnaetheris
1609 3196 1712 3232 axe
