2163 3401
183 95 277 156 1310
647 94 707 142 P.
746 93 1049 142 VERGILI
1084 91 1419 140 MARONIS

183 171 466 226 Verrimus
501 176 560 225 et
593 173 751 240 proni
787 172 1127 226 certantibus
1162 188 1402 240 aequora
1435 170 1611 226 remis,

181 249 374 314 Sensit,
410 251 468 302 et
503 247 576 301 ad
611 249 844 302 sonitum
881 249 1026 302 vocis
1065 248 1299 316 vestigia
1335 245 1511 302 torsit.

182 327 389 380 Verum
425 324 519 378 ubi
553 325 703 378 nulla
738 325 902 378 datur
938 325 1139 378 dextra
1176 325 1455 378 adfectare
1489 327 1749 394 potestas
1826 341 1921 383 670

181 404 296 458 Nec
332 402 477 471 potis
514 403 701 457 Ionios
737 400 936 454 fluctus
973 417 1211 470 aequare
1249 401 1541 469 sequendo,

182 481 488 534 Clamorem
523 478 827 531 inmensum
867 475 1029 540 tollit,
1069 493 1177 544 quo
1211 481 1411 546 pontus
1447 480 1506 531 et
1540 493 1728 532 omnes

183 557 574 610 Contremuere
609 553 807 620 undae,
845 553 1177 622 penitusque
1214 554 1483 607 exterrita
1514 553 1680 608 tellus

184 633 392 699 Italiae,
429 630 718 699 curvisque
754 629 1009 698 inmugiit
1048 630 1232 682 Aetna
1267 629 1524 684 cavernis.

184 713 265 764 At
299 724 471 777 genus
509 725 541 761 e
576 707 726 760 silvis
765 706 1056 775 Cyclopum
1092 709 1152 760 et
1186 707 1463 760 montibus
1496 705 1623 760 altis
1822 721 1911 760 σπι

182 786 436 839 Excitum
473 783 586 837 ruit
621 783 696 837 ad
730 787 925 852 portus
961 787 1021 836 et
1055 783 1217 836 litora
1250 783 1521 851 conplent.

183 861 467 916 Cernimus
504 859 774 914 adstantis
813 860 1146 928 nequiquam
1182 858 1386 912 lumine
1420 862 1577 913 torvo

184 939 462 992 Aetnaeos
498 937 716 1004 fratres,
752 934 900 990 caelo
937 935 1117 1004 capita
1152 935 1265 989 alta
1297 936 1537 1003 serentis,

183 1014 481 1068 Concilium
517 1013 875 1068 horrendum:
912 1011 1103 1081 quales
1138 1027 1259 1065 cum
1296 1013 1504 1066 vertice
1539 1014 1684 1067 celso

182 1090 385 1144 Aeriae
421 1105 668 1156 quercus,
707 1091 806 1142 aut
841 1089 1112 1143 coniferae
1150 1088 1407 1156 cyparissi
1820 1104 1902 1141 e-so

184 1157 572 1230 Constiterant,
610 1164 745 1217 silva
781 1164 896 1217 alta
936 1164 1101 1233 IoviS,
1137 1165 1356 1218 lucusve
1393 1164 1613 1218 Dianae.

185 1241 501 1309 Praecipitis
537 1243 719 1294 metus
757 1257 882 1294 acer
921 1241 1036 1310 agit
1073 1258 1415 1311 quocumque
1450 1240 1704 1294 rudentis

187 1319 470 1385 Excutere,
508 1320 566 1371 et
601 1318 780 1370 ventis
814 1318 1107 1372 intendere
1146 1318 1267 1372 vela
1302 1317 1566 1371 secundis.

184 1393 387 1448 Contra
414 1394 561 1448 iussa
590 1395 814 1448 mon'ent
849 1393 1065 1462 Heleni,
1102 1395 1332 1464 Scyllam
1362 1397 1529 1461 atque
1558 1391 1897 1462 Charybdim

184 1470 342 1525 Inter
376 1474 667 1541 utramque
706 1470 848 1524 viam
886 1471 982 1524 leti
1021 1471 1334 1525 discrimine
1368 1486 1534 1538 parvo
1820 1483 1897 1523 οὔ
1924 1519 1929 1524 ,

184 1547 256 1602 Ni
292 1551 518 1602 teneant
555 1565 778 1615 cursus3
817 1551 1028 1602 certum
1069 1551 1156 1602 est
1191 1547 1325 1602 dare
1360 1548 1527 1601 lintea
1560 1551 1728 1602 retro.

185 1624 324 1678 Ecce
361 1628 543 1679 autem
583 1625 791 1679 Boreas
827 1628 1061 1693 angusta
1096 1623 1169 1677 ab
1204 1624 1335 1678 sede
1372 1623 1549 1677 Pelori

184 1699 385 1755 Missus
421 1702 592 1756 adest.
671 1702 811 1755 Vivo
847 1700 1243 1771 praetervehor
1280 1702 1420 1755 ostia
1456 1717 1586 1754 saxo

187 1776 484 1845 Pantagiae
524 1778 890 1847 Megarosque
929 1779 1078 1831 sinus
1116 1777 1499 1847 Thapsumque
1532 1777 1819 1833 iacentem.

185 1851 332 1906 Talia
369 1854 712 1908 monstrabat
751 1854 1002 1923 relegens
1039 1858 1225 1908 errata
1257 1857 1530 1908 retrorsus
1822 1867 1897 1908 ωο

185 1927 376 1982 Litora
410 1930 833 1998 Achemenides,
873 1946 1054 1985 comes
1088 1929 1317 1984 infelicis
1354 1930 1515 1984 Ulixi.

253 2005 465 2059 Sicanio
501 2009 790 2075 praetenta
831 2006 953 2060 sinu
987 2008 1129 2061 iacet
1162 2006 1339 2060 insula
1373 2009 1565 2060 contra

186 2079 530 2150 Plemyrium.
553 2082 858 2149 undosum3
894 2100 1093 2137 nomen
1131 2082 1323 2137 dixere
1356 2083 1565 2151 priores

185 2156 482 2225 Ortygiam.
560 2159 838 2228 Alpheum
874 2159 1020 2214 fama
1057 2163 1145 2215 est
1178 2160 1283 2214 huc
1319 2159 1493 2213 Elidis
1528 2175 1744 2213 amnem

185 2231 440 2289 Occultas
477 2236 653 2303 egisse
690 2236 805 2289 vias
843 2234 1036 2290 subter
1073 2253 1256 2303 mare;
1290 2235 1387 2305 qui
1420 2251 1563 2289 nunc
1832 2256 1899 2295 095

185 2307 311 2375 Ore,
353 2310 643 2377 Arethusa,
684 2314 781 2366 tu'o
821 2312 1018 2367 Siculis
1055 2312 1405 2367 confunditur
1438 2311 1615 2366 undis·

186 2384 327 2437 Iussi
364 2385 582 2439 numina
617 2404 818 2455 magna
855 2388 957 2441 loci
998 2406 1348 2454 veneramur3
1384 2392 1442 2442 et
1476 2387 1607 2442 inde

187 2460 469 2531 Exsupero
505 2465 843 2532 praepingue
885 2467 1058 2519 solum
1100 2466 1403 2533 stagnantis
1439 2463 1647 2518 Helori.

188 2537 333 2592 Hinc
367 2538 508 2593 altas
543 2544 733 2593 cautes
775 2542 1132 2611 proiectaque
1176 2558 1309 2596 saxa
1346 2540 1580 2609 Pachyni

188 2613 468 2685 Radimus‚
505 2620 564 2671 et
601 2616 729 2670 fatis
768 2633 1066 2686 numquam
1108 2634 1361 2672 concessa
1394 2616 1604 2671 moveri
1830 2628 1901 2669 ⁷0⁰

187 2690 442 2759 Adparet
480 2693 769 2747 Camarina
807 2694 992 2761 procul
1037 2695 1323 2763 campique
1359 2693 1529 2761 Geloi,

188 2765 542 2837 Inmanisque
583 2769 720 2823 Gela
755 2769 903 2823 fluvii
945 2771 1265 2839 cognomine
1301 2770 1467 2824 dicta.

189 2840 414 2896 Arduus
449 2845 578 2897 inde
618 2845 864 2913 Acragas
905 2849 1150 2900 ostentat
1189 2861 1447 2901 maxuma
1478 2843 1642 2911 longe

187 2916 421 2981 Moenia,
457 2918 861 2983 magnanimum
897 2920 1174 2987 quondam
1214 2921 1507 2988 generator
1542 2932 1835 2987 equorum3

187 2987 372 3054 Teque
407 2988 553 3041 datis
587 2990 774 3057 linquo
808 2994 1002 3059 ventis,
1039 2995 1283 3061 palmosa
1320 2993 1553 3060 Selinus,
1831 3006 1897 3047 πω

187 3060 262 3111 Et
296 3059 438 3112 vada
473 3060 613 3113 dura
648 3061 772 3128 lego
809 3066 953 3116 saxis
991 3066 1234 3134 Lilybeia
1268 3067 1459 3121 caecis.

189 3131 336 3181 Hine
373 3132 609 3197 Drepani
648 3149 736 3182 mc
771 3140 964 3199 portus
999 3142 1057 3190 ct
1091 3140 1418 3195 inlaetabilis
1452 3156 1552 3195 ora
