2163 3401
765 105 1180 156 GEORGIOON
1216 107 1351 160 LIB.
1384 107 1429 158 Ι.
1887 109 1953 158 25

241 187 340 240 An
377 183 513 258 deus
548 184 783 239 inmensi
817 187 1003 241 venias
1039 187 1219 252 maria
1256 205 1319 242 ac
1352 191 1450 243 tua
1484 193 1685 244 nautae

240 261 487 314 Numina
523 262 638 314 sola
673 262 868 330 colant,
907 263 1012 316 tibi
1049 263 1251 317 serviat
1287 265 1481 318 ultima
1515 265 1704 331 Thule,
1906 283 1955 322 so

239 336 436 404 Teque
472 337 576 390 sibi
611 354 875 404 generum
914 339 1119 407 Tethys
1156 344 1304 393 emat
1339 340 1589 392 omuibus
1626 341 1803 405 undis,

242 415 410 466 Anne
447 430 648 466 novum
683 414 860 467 tardis
897 415 1049 468 sidus
1086 419 1143 468 te
1180 415 1461 469 mensibus
1497 416 1686 481 addaS,

239 489 367 554 Qua
402 491 552 544 locus
592 491 866 558 Erigonen
902 490 1047 544 inter
1086 491 1396 559 Chelasque
1434 492 1715 559 sequentis

239 566 551 630 Panditur;
585 567 704 634 ipse
739 566 842 618 tibi
878 567 988 620 iani
1024 565 1278 620 bracchia
1312 567 1583 621 contrahit
1618 567 1816 620 ardens

240 643 510 711 Scorpi08‚
549 647 606 695 et
641 642 777 696 caeli
813 643 960 696 iusta
993 643 1117 712 plus
1152 646 1311 711 parte
1346 644 1604 711 reliquit3
1903 659 1951 695 35

242 719 528 786 Quidquid
565 719 884 785 criS,—-na1n
922 722 982 772 te
1017 735 1117 772 nec
1153 724 1374 787 sperant
1410 720 1639 772 Tartara
1671 735 1871 786 regem.

241 795 292 846 N
297 811 362 846 ec
398 794 502 848 tibi
537 795 804 862 regnandi
842 795 1024 848 veniat
1058 800 1175 848 tam
1212 795 1334 848 dira
1368 795 1599 864 cupid03
1688 807 1695 812 '

241 870 504 934 Quamvis
543 870 754 938 Elysios
789 872 1020 924 miretur
1059 870 1291 924 Graecia
1325 887 1555 940 campos,

240 945 293 998 N
299 963 364 999 cc
397 946 636 1015 repetita
672 947 826 1015 sequi
864 952 1021 1000 curet
1059 947 1387 1015 Proserpina
1422 951 1726 1001 matrem—

241 1023 326 1076 Da
362 1023 579 1076 facilem
616 1040 848 1087 cursum,
885 1029 1055 1093 atque
1091 1023 1390 1078 audacibus
1423 1023 1601 1077 adnue
1636 1023 1857 1092 coeptis„
1909 1038 1957 1078 40

241 1099 584 1168 ignarosque
620 1100 740 1152 viae
775 1116 990 1152 mecum
1027 1100 1318 1154 miseratus
1354 1100 1589 1170 agrestis

245 1175 560 1242 Ingredere,
598 1179 657 1228 et
692 1177 836 1228 votis
872 1175 980 1228 iam
1017 1193 1159 1228 nunc
1193 1176 1455 1230 adsuesco
1492 1176 1681 1229 vocari.

310 1249 462 1304 Vere
497 1266 650 1317 nove,
686 1251 904 1318 gelidus
941 1252 1090 1304 canis
1126 1269 1249 1304 cum
1286 1251 1563 1304 montibus
1598 1252 1793 1304 humor

243 1326 502 1394 Liquitur
537 1331 596 1380 et
633 1326 880 1395 Zephyro
914 1328 1095 1396 putris
1132 1344 1190 1381 se
1226 1327 1421 1395 glaeba
1455 1328 1691 1393 resolvit,

241 1401 516 1470 Depresso
551 1402 775 1471 incipiat
810 1402 918 1456 iam
954 1408 1074 1458 tum
1110 1403 1245 1457 mihi
1281 1408 1471 1456 taurus
1504 1407 1687 1456 aratro
1910 1415 1959 1455 45

241 1477 547 1544 ingemere,
587 1481 644 1532 et
679 1479 826 1532 sulco
863 1479 1093 1532 attritus
1130 1478 1509 1546 splendescere
1546 1494 1745 1531 vomer.

240 1552 346 1606 Illa
382 1570 538 1622 seges
573 1554 794 1608 demum
829 1555 972 1608 votis
1007 1554 1304 1622 respondet
1339 1555 1487 1606 avari

240 1629 551 1697 Agricolae,
589 1630 676 1684 bis
712 1647 853 1700 quae
890 1631 1072 1695 solem,
1115 1630 1201 1682 bis
1235 1629 1441 1697 frigora
1478 1629 1677 1696 sensit3

240 1706 402 1759 Illius
437 1706 715 1762 inmensae
753 1711 1022 1775 ruperunt
1055 1708 1255 1761 horrea
1291 1723 1511 1761 messes.

239 1782 322 1836 At
343 1782 500 1851 prius
523 1784 770 1850 ignotum
797 1785 944 1838 ferro
971 1800 1137 1852 quam
1163 1783 1459 1837 scindimus
1484 1800 1706 1852 aequor,
1904 1800 1955 1839 ω

248 1858 452 1912 Ventos
492 1864 550 1913 et
585 1860 792 1913 varium
831 1860 965 1913 caeli
1000 1859 1350 1928 praediscere
1386 1876 1595 1914 morem

239 1935 388 1988 Cura
422 1936 496 1989 sit
531 1952 595 1988 ac
628 1936 836 2003 patrios
874 1936 1163 2003 cultusque
1199 1935 1527 2004 habitusque
1560 1936 1817 2005 locorum,

239 2010 313 2064 Et
337 2011 474 2080 quid
499 2028 750 2079 quaeque
773 2012 918 2064 ferat
943 2012 1108 2079 regie,
1134 2015 1191 2065 et
1216 2011 1352 2080 quid
1374 2028 1631 2080 quaeque
1663 2020 1897 2067 recuset.

239 2087 350 2142 Hic
387 2092 618 2155 segetes,
654 2088 764 2141 illic
800 2088 1024 2141 veniunt
1059 2088 1268 2141 felicius
1303 2106 1474 2155 uvae;

238 2164 479 2219 Arborei
515 2164 663 2217 fetus
698 2163 843 2231 alibi,
882 2168 1050 2233 atque
1089 2165 1295 2217 iniussa
1330 2165 1608 2218 virescunt
1910 2178 1957 2217 55

236 2240 516 2293 Gramina.
549 2279 554 2283 .
589 2239 785 2293 Nonne
820 2240 990 2305 vides,
1030 2256 1251 2299 croceos
1282 2244 1345 2293 ut
1382 2240 1601 2293 Tmolus
1638 2240 1851 2307 odores,

237 2314 402 2369 India
437 2316 614 2371 mittit
651 2317 803 2385 ebur,
839 2316 1030 2370 molles
1069 2334 1167 2369 sua
1204 2320 1331 2369 tura
1368 2315 1579 2383 Sabaei,

235 2393 322 2445 At
357 2391 636 2461 Chalybes*
663 2392 797 2445 nudi
833 2394 1054 2459 ferrum,
1097 2392 1384 2460 virosaque
1423 2392 1630 2445 Pontus

234 2467 514 2534 Castorea,
553 2468 806 2521 Eliadum
843 2470 1052 2539 palmas
1091 2468 1286 2537 Epiros
1322 2471 1622 2537 equarum?

235 2544 512 2597 Continuo
548 2544 647 2597 has
681 2544 830 2612 leges
867 2549 1203 2612 aeternaque
1241 2544 1465 2598 foedera
1500 2545 1669 2597 certis
1909 2558 1959 2597 so

235 2620 493 2687 Inposuit
528 2624 725 2675 natura
758 2620 906 2690 locis,
947 2638 1054 2691 quo
1095 2624 1345 2689 tempore
1374 2622 1613 2689 primum

241 2696 537 2750 Deucalion
573 2714 803 2751 vacuum
841 2698 1054 2766 lapides
1093 2696 1316 2750 iactavit
1352 2695 1409 2748 in
1445 2694 1650 2755 orbem,

237 2772 401 2825 Unde
437 2773 686 2827 homines
722 2775 852 2840 nati,
893 2774 1093 2826 durum
1130 2788 1315 2839 genus
1390 2770 1534 2838 Ergo
1572 2788 1689 2839 age,
1727 2773 1911 2823 terrae

235 2849 451 2916 Pingue
489 2850 664 2903 solum
701 2850 893 2916 primis
933 2848 1209 2915 extemplo
1247 2863 1279 2899 a
1314 2846 1594 2901 mensibus
1629 2845 1757 2899 anni

233 2922 435 2978 Fortes
469 2926 746 2979 invertant
783 2924 944 2990 tauri,
979 2921 1312 2991 glaebasque
1346 2922 1571 2974 iacentis
1919 2930 1967 2967 ss

237 3000 631 3056 Pulverulenta
667 3004 868 3067 coquat
904 2997 1135 3050 maturis
1172 2995 1375 3048 solibus
1411 3000 1591 3047 aestas
1616 3015 1631 3057 ;

233 3081 316 3131 At
355 3077 401 3129 si
441 3093 548 3130 non
585 3076 758 3129 fuerit
793 3074 959 3127 tellus
995 3071 1247 3135 fecunda,
1286 3071 1388 3121 sub
1426 3070 1603 3134 ipsum

231 3156 544 3210 Arcturum
579 3150 734 3205 tenui
771 3152 858 3201 sat
894 3147 1002 3201 erit
1038 3144 1371 3215 suspendere
1408 3141 1588 3194 sulco:
