2163 3401
800 116 1166 167 AENEmos
1199 118 1340 169 ΜΒ.
1379 106 1508 171 VL'
1895 112 1986 169 191

272 194 627 265 InpositIque
660 194 811 263 rogis
844 196 1065 249 iuvenes
1103 201 1232 252 ante
1267 214 1366 253 ora
1399 202 1720 269 parentum:

272 272 452 336 Quam
490 271 666 325 multa
700 271 756 323 in
794 271 941 324 silvis
977 274 1226 326 autumni
1261 275 1466 343 frigore
1502 277 1678 345 primo

271 349 455 415 Izapsa
494 346 695 400 eadunt
732 346 876 416 folia,
914 350 1011 400 aut
1047 348 1121 401 ad
1157 353 1364 404 terram
1399 353 1620 421 gurgite
1655 357 1728 407 ab
1761 356 1877 407 alto
1917 366 1992 407 διο

271 425 453 489 Quam
490 422 695 476 multae
731 424 1108 491 glomerantur
1143 442 1300 495 aves,
1323 428 1416 481 ubi
1454 428 1686 497 frigidus
1719 445 1893 483 annus

269 501 447 554 'Fraus
481 502 713 569 pontum
750 500 907 568 filgat
946 504 1007 554 et
1040 502 1206 555 terris
1241 503 1474 559 inmittit
1508 506 1717 574 apricis.

272 576 511 632 Stabant
546 580 777 629 orantes·
804 576 969 644 primi
1010 580 1390 635 transmittere
1427 598 1660 649 cursum,

271 652 709 721 Tendebantque
750 669 943 707 manus
981 655 1134 723 ripae
1171 656 1448 711 ulterioris
1483 674 1680 712 amore.

271 730 479 785 Navita
514 729 615 782 sed
650 729 829 805 tristis
864 747 1007 784 nunc
1045 730 1146 785 hos
1181 749 1323 786 nune
1358 735 1555 803 accipit
1589 734 1727 801 illos,
1921 748 1992 787 ω

276 810 386 861 Ast
422 805 557 859 alios
594 806 754 873 longe
794 807 1079 861 submotos
1117 812 1269 863 arcet
1306 826 1484 864 arena.

276 886 497 937 Aeneas
530 882 761 936 miratus
801 884 945 937 enim
982 888 1274 954 motusque
1311 887 1552 941 tumultu

274 960 391 1025 Die,
430 960 521 1021 ait,
558 976 591 1011 o
626 960 793 1028 virgo,
835 961 968 1030 quid
1005 960 1120 1013 volt
1159 976 1448 1015 concursus
1487 963 1557 1016 ad
1597 965 1849 1018 amnem?

274 1035 491 1099 Quidve
526 1039 728 1105 petunt
764 1036 1013 1091 animae?
1052 1038 1139 1090 vel
1178 1054 1286 1107 quo
1323 1038 1636 1093 discrimine
1669 1041 1818 1109 ripas

280 1113 401 1166 Hae
424 1112 711 1180 linquunt,
750 1113 875 1166 illae
910 1113 1080 1167 remis
1117 1114 1258 1168 vada
1294 1114 1460 1167 livida
1494 1119 1758 1172 verrunt?
1917 1130 1995 1171 azo

273 1188 384 1241 Olli
423 1190 501 1241 sie
536 1187 781 1243 breviter
814 1188 931 1244 fata
966 1193 1055 1243 est
1092 1190 1351 1259 longaeva
1387 1192 1668 1248 sacerdos:

275 1264 521 1319 Anchisa
554 1270 831 1333 generate,
871 1266 1034 1321 deum
1076 1269 1380 1321 certissima
1418 1269 1614 1337 proles,

274 1342 467 1411 Cocyti
504 1347 699 1410 stagna
736 1343 850 1397 alta
886 1343 1041 1397 vides
1083 1344 1439 1413 Stygiamque
1476 1344 1749 1415 paludem,

273 1420 350 1473 Di
386 1420 537 1473 euius
573 1419 754 1473 iurare
792 1420 993 1473 timent
1031 1424 1089 1474 et
1126 1420 1316 1474 fallere
1353 1438 1571 1475 numen.

277 1496 435 1551 Haec
458 1497 645 1563 omnia
675 1514 837 1565 quam
864 1497 1057 1564 cernis,
1085 1498 1242 1566 inops
1267 1497 1661 1566 inhumataque
1689 1495 1852 1551 turba
1873 1497 1992 1560 θείη

275 1572 523 1627 Portitor
558 1574 652 1627 illc
692 1574 938 1639 Char0n3
984 1574 1053 1636 hi,
1094 1590 1229 1643 quos
1267 1574 1418 1627 vehit
1452 1574 1614 1641 unda,
1651 1571 1868 1641 sepulti.
1918 1586 1994 1626 ³28

274 1649 331 1706 N
334 1666 397 1705 ee
432 1652 576 1719 ripas
618 1650 783 1705 datur
818 1650 1120 1705 horrendas
1159 1655 1216 1706 et
1253 1666 1418 1705 rauca
1453 1650 1658 1705 fluenta

276 1729 675 1796 Transportare
709 1729 877 1797 prius,
917 1745 1081 1798 quam
1121 1727 1342 1782 sedibus
1379 1744 1502 1797 ossa
1541 1728 1811 1795 quierunt.

276 1805 516 1859 Centum
556 1808 743 1858 errant
778 1821 949 1860 annos
985 1805 1330 1874 volitantque
1364 1804 1500 1858 haee
1538 1804 1699 1857 litora
1734 1804 1968 1869 eircum3

275 1881 417 1936 Tum
454 1881 676 1936 demum
714 1882 939 1936 admissi
976 1885 1170 1950 stagna
1207 1886 1469 1950 exoptata
1503 1881 1762 1935 revisunt.
1920 1893 1994 1933 330

276 1959 541 2013 Constitit
582 1958 822 2013 Anchisa
860 1962 1012 2013 satus
1049 1962 1110 2011 et
1144 1958 1373 2026 vestigia
1407 1957 1623 2026 pressit,

276 2035 460 2089 Multa
496 2039 714 2105 putans,
734 2039 1067 2104 'sortemque
1105 2035 1284 2088 animo
1319 2035 1609 2088 miseratus
1645 2033 1908 2103 iniquam.

276 2113 472 2167 Cernit
506 2112 582 2165 ibi
620 2115 859 2167 maestos
897 2116 955 2166 et
990 2112 1186 2166 mortis
1221 2111 1426 2164 honore
1461 2111 1702 2164 carentis

283 2190 601 2258 Leucaspim
637 2194 698 2243 et
735 2188 929 2257 Lyciae
966 2189 1252 2243 duetorem
1289 2187 1476 2242 elassis
1513 2186 1775 2252 Oronten,

278 2265 428 2329 Quos
465 2266 638 2335 simul,
676 2283 711 2320 a
746 2266 905 2319 Troia
940 2269 1167 2320 ventosa
1203 2281 1303 2333 per
1339 2279 1576 2332 aequora
1611 2265 1813 2330 vectos,
1919 2273 1996 2314 83³

276 2342 479 2396 Obruit
518 2345 741 2411 Auster,
779 2359 921 2412 aqua
957 2341 1238 2396 involvens
1274 2355 1578 2409 navemque
1614 2338 1884 2407 virosque.
1989 2406 1994 2410 .

346 2417 489 2472 Ecce
523 2418 860 2487 gubernator
898 2437 1017 2473 sese
1057 2418 1346 2472 Palinurus
1382 2416 1596 2484 agebat,

276 2495 387 2561 Qui
425 2494 626 2563 Libyco
664 2513 839 2565 nuper
876 2514 1054 2564 eursu,
1093 2495 1224 2548 dum
1263 2494 1445 2547 sidera
1481 2494 1678 2558 servat,

280 2571 579 2628 Exciderat
613 2575 783 2642 puppi
820 2573 1016 2627 mediis
1054 2572 1257 2626 effusus
1292 2571 1349 2623 in
1386 2569 1559 2622 undis.

278 2651 448 2704 Hune
476 2646 576 2703 'ubi
613 2651 703 2704 vix
739 2651 913 2705 multa
948 2654 1220 2703 maestum
1257 2645 1510 2713 cognovit
1545 2645 1600 2696 in
1639 2641 1850 2708 umbra,
1917 2653 1994 2694 sm

277 2728 368 2782 Sic
404 2726 560 2795 prior
594 2727 936 2797 adloquitur:
985 2727 1120 2792 Quis
1156 2728 1229 2792 te,
1269 2721 1539 2787 Palinure,
1577 2719 1803 2773 deorum

280 2803 503 2872 Eripuit
539 2803 710 2871 nobis,
746 2805 1039 2873 medioque
1076 2800 1178 2856 sub
1215 2814 1454 2869 aequore
1487 2796 1714 2850 mersit?

282 2880 383 2933 Die
421 2895 541 2948 age.
613 2879 865 2949 Namque
900 2881 1049 2948 mihi,
1085 2879 1250 2932 fallax
1286 2875 1435 2930 haud
1471 2877 1600 2928 ante
1635 2873 1910 2941 repertus,
1945 2891 1950 2898 ·

284 2955 405 3010 Hoc
441 2970 551 3008 uno
588 2971 845 3024 responso
880 2957 1121 3009 animum
1156 2953 1362 3009 delusit
1400 2950 1612 3020 Apollo,

282 3033 390 3098 Qui
426 3032 543 3084 fore
578 3034 637 3084 te
671 3035 840 3101 ponto
875 3031 1213 3098 incolumem,
1251 3028 1486 3096 finisque
1519 3024 1751 3080 canebat
1922 3035 2002 3076 sa

284 3105 605 3164 Vent‘urum'
638 3109 927 3163 Ausonios.
1000 3108 1086 3162 En
1119 3106 1254 3160 haee
1288 3103 1556 3173 promissa
1591 3101 1732 3154 fides
1766 3098 1893 3154 est?

284 3186 391 3240 Ille
427 3187 641 3238 autem:
686 3185 881 3252 Neque
916 3186 977 3238 te
1012 3180 1223 3236 Phoebi
1257 3179 1470 3234 eortina
1503 3176 1717 3243 fefellit,
