2163 3401
150 94 243 140 523
602 90 641 134 P
694 88 1001 135 VERGILI
1037 88 1369 139 MARONIS

152 173 355 223 Arvina
392 167 589 236 pingui,
628 164 999 235 subzguntque
1038 170 1092 220 in
1127 173 1250 223 cote
1285 186 1531 236 secures;

149 248 420 313 Signaque
457 245 600 297 ferre
640 246 802 309 iuvat,
842 245 1156 314 sonitusque
1193 246 1387 299 audire
1420 246 1698 303 tubarum.

150 324 399 389 Quinque
434 322 575 374 adeo
616 337 838 388 ,inguae
874 321 1065 389 positis
1102 322 1386 375 incudibus
1423 323 1588 377 urbes

149 398 279 452 Tela
312 403 530 462 novant,
572 398 741 449 Atina
775 401 972 465 potens
1011 396 1290 465 Tiburque
1327 398 1640 467 superbum,
1789 415 1871 453 eso

69 486 88 494 ²
154 475 341 529 Ardea
378 474 830 542 Crustumerique
868 478 928 527 et
960 475 1267 541 turrigerae
1304 476 1627 529 Antemnae.

149 552 410 620 Tegmina
446 555 575 604 tuta
608 554 803 603 cavant
838 551 1095 618 capitum,
1131 550 1468 619 flectuntque
1503 550 1742 618 salignas

149 629 461 681 Umbonum
496 627 690 691 cratis;
726 626 816 679 alii
850 626 1104 679 thoracas
1139 642 1302 679 aenos
1681 658 1686 663 -

150 706 267 758 Aut
302 705 437 757 levis
471 719 658 756 ocreas
691 702 841 755 lento
878 702 1086 755 ducunt
1122 706 1375 769 argentm
1521 761 1528 768 ,

154 780 401 833 Vomeris
434 779 541 832 huc
576 782 635 831 et
670 778 821 831 falcis
837 774 842 778 ’
857 778 1041 845 honoS,
1076 778 1184 831 hue
1218 778 1390 831 omnis
1425 777 1596 831 aratri
1787 793 1868 831 635

149 856 329 910 Cessit
362 872 544 919 amor-3
579 858 884 922 recoquunt
921 854 1128 921 patrios
1161 851 1468 907 fornacibus
1503 868 1674 907 enses„

149 932 387 986 Classica
420 932 639 999 iamque
676 934 899 994 sonant3
933 930 979 983 it
1016 930 1161 983 bello
1195 933 1406 983 tessera
1440 930 1667 997 signum.

150 1008 259 1061 Hic
292 1007 506 1075 galeam
540 1006 707 1060 tectis
740 1006 991 1075 trepidus
1026 1008 1200 1074 rapit;
1233 1005 1329 1060 ille
1361 1006 1644 1059 frementis

151 1083 242 1137 Ad
276 1084 403 1151 iuga
437 1083 584 1149 cogit
620 1100 820 1151 equos;
854 1082 1198 1151 clipeumque
1231 1098 1473 1149 auroque
1507 1082 1744 1135 trilicem

149 1158 395 1212 Loricam
429 1158 689 1225 induitur,
726 1158 948 1227 fidoque
988 1159 1290 1227 accingitur
1323 1174 1469 1213 ense.
1783 1173 1860 1211 640

218 1234 453 1287 Pandite
486 1250 630 1286 nunc
672 1234 951 1301 Helicona,
991 1234 1144 1301 deae,
1179 1237 1480 1303 cantusque
1515 1236 1747 1301 movete,

149 1310 254 1373 Qui
286 1310 429 1363 bello
464 1309 633 1363 exciti
668 1326 841 1377 reges,
881 1326 1022 1377 quae
1057 1326 1329 1378 quemque
1365 1313 1586 1364 secutae

150 1386 468 1455 Conplerint
502 1402 721 1454 campos
757 1387 915 1453 acies,
952 1385 1152 1455 quibus
1189 1386 1334 1440 Itala
1367 1388 1476 1439 iam
1511 1391 1629 1439 tum

150 1462 424 1517 Floruerit
459 1465 611 1516 terra
646 1462 791 1515 alma
824 1462 971 1529 viriS,
1008 1461 1208 1529 quibus
1243 1464 1440 1516 arserit
1471 1464 1668 1527 armis3

149 1539 221 1593 Et
256 1538 576 1596 meministis
612 1539 773 1604 enim,
809 1538 981 1605 divae,
1017 1543 1076 1592 et
1111 1555 1413 1593 memorare
1447 1539 1709 1607 potestis;
1785 1554 1858 1593 eit

150 1614 245 1668 Ad
280 1633 377 1669 nos
412 1617 502 1669 vix
538 1615 718 1668 tenuis
752 1616 931 1667 famae
966 1614 1270 1682 perlabitur
1305 1631 1454 1669 aura.

220 1692 434 1745 Primus
469 1692 573 1745 init
608 1690 813 1745 bellum
852 1690 1144 1760 Tyrrhenis
1180 1707 1340 1759 asper
1375 1691 1445 1745 ab
1477 1691 1586 1746 oris

150 1768 506 1836 Contemptor
541 1768 723 1821 divom
759 1768 1065 1822 Mezentius
1101 1768 1426 1836 agminaque
1461 1769 1652 1821 armat.

149 1844 318 1897 Filius
352 1844 477 1898 huic
512 1844 665 1896 iuxta
704 1844 930 1908 Lausus,
970 1859 1080 1912 quo
1114 1843 1389 1911 pulchrior
1421 1844 1565 1898 alter

150 1919 199 1972 N
204 1935 271 1972 on
308 1920 427 1986 fuit,
466 1923 694 1988 excepto
733 1920 1023 1974 Laurentis
1058 1935 1284 1988 corpore
1323 1919 1505 1973 Turni.
1789 1935 1863 1973 eze

151 1995 374 2063 Lausus,
412 2013 613 2064 equum
650 1994 889 2050 domitor
925 1995 1344 2063 debellatorque
1377 1996 1631 2064 ferarum,

150 2071 315 2125 Ducit
355 2072 607 2140 Agyllina
642 2073 972 2141 nequiquam
1009 2088 1079 2124 ex
1113 2071 1250 2125 urbe
1285 2076 1501 2126 secutos

150 2147 302 2202 Mille
336 2148 494 2214 viros,
530 2148 743 2216 dignus,
780 2148 975 2216 patriis
1011 2147 1109 2216 qui
1143 2147 1339 2202 laetior
1375 2151 1522 2202 esset

152 2224 401 2293 Inperiis,
420 2228 493 2278 et
528 2225 615 2278 cui
647 2227 809 2293 pater
843 2224 991 2278 haud
1026 2224 1332 2278 Mezentius
1367 2227 1528 2278 esset.

220 2302 352 2355 Post
386 2301 485 2354 hos
520 2301 785 2369 insignem
821 2301 1002 2369 palma
1035 2317 1138 2369 per
1169 2300 1418 2368 gramina
1451 2316 1672 2353 currum
1784 2315 1857 2354 655

150 2376 510 2445 Victoresque
548 2381 792 2430 ostentat
828 2393 997 2444 equos
1034 2380 1186 2430 satus
1224 2375 1466 2430 Hercule
1497 2375 1728 2444 pulchro

152 2452 385 2507 Pulcher
422 2453 746 2519 AventinuS,
780 2453 1062 2520 clipeoque
1100 2452 1311 2520 insigne
1345 2455 1634 2521 paternum

151 2530 384 2584 Centum
416 2529 608 2598 anguis
643 2529 985 2597 cinctamque
1015 2529 1164 2597 gerit
1196 2528 1542 2597 serpentibus
1576 2526 1856 2596 Hydram3

151 2605 314 2660 Collis
353 2606 613 2660 Aventini
650 2605 783 2658 silva
819 2621 984 2672 quem
1023 2604 1180 2658 Rhea
1215 2605 1470 2658 sacerdos

151 2680 436 2734 Furtivum
473 2685 635 2750 partu
670 2679 771 2734 sub
807 2681 1027 2734 luminis
1065 2681 1241 2734 edidit
1276 2697 1414 2748 oras,
1783 2693 1856 2732 eoo

151 2755 328 2809 Mixta
364 2757 469 2810 deo
505 2757 714 2830 mulier,
749 2761 1041 2826 postquam
1080 2757 1378 2810 Laurentia
1409 2755 1586 2810 victor

152 2832 396 2900 Geryone
432 2834 701 2886 exstineto
737 2833 1049 2900 Tirynthius
1085 2833 1273 2900 attigit
1307 2849 1453 2898 arva,

150 2905 531 2969 Tyrrhenoque
568 2906 733 2958 boves
768 2909 823 2959 in
860 2908 1081 2960 flumine
1117 2908 1254 2961 lavit
1293 2908 1546 2962 Hiberas·

152 2975 267 3024 Pila
302 2989 463 3024 manu
498 2991 795 3042 saevosque
828 2986 1030 3044 gerunt
1064 2982 1120 3034 in
1156 2982 1300 3035 bella
1334 2983 1573 3049 dolones,

148 3042 223 3094 Et
258 3044 425 3095 tereti
460 3053 703 3108 pugnant
738 3066 995 3105 mucrone
1030 3072 1271 3123 veruque
1307 3056 1540 3111 Sabelle.
1785 3073 1857 3110 eet

148 3112 277 3177 Ipse
310 3113 494 3179 pedes,
530 3119 786 3179 tegumen
822 3127 1084 3190 torquens
1117 3129 1334 3184 inmane
1369 3131 1556 3199 leonis,
