2163 3401
774 114 1195 164 GEORGICON
1231 116 1370 167 LIB.
1411 118 1509 168 lv,
1945 119 2007 171 79

295 190 583 247 Taenarias
620 194 785 247 etiam
820 195 1018 260 fauces,
1056 194 1170 249 alta
1205 197 1346 251 ostia
1383 196 1542 264 Ditis,

287 268 363 322 Et
399 270 727 337 caligantem
763 271 921 339 nigra
956 272 1250 327 formidine
1285 273 1470 327 lucum

290 346 595 415 Ingressus,
636 346 928 416 Manisque
963 348 1102 402 adiit
1140 349 1459 419 Regemque
1494 353 1858 421 tremendum,

286 423 341 476 N
344 424 598 492 esciaque
634 423 885 477 humanis
922 426 1176 495 precibus
1211 442 1592 481 mansuescere
1627 429 1808 483 corda.
1931 442 2008 485 470

288 503 371 554 At
404 505 571 555 cautu
607 505 911 555 commotae
950 502 1120 556 Erebi
1158 504 1229 558 de
1267 502 1490 557 sedibus
1523 503 1647 557 imis

287 576 534 631 Umbrae
569 577 725 632 ibant
761 584 953 633 tenues
992 580 1392 650 simulacraque
1428 579 1549 633 luce
1591 585 1892 648 carentum,

287 655 467 719 Quam
503 655 678 709 multa
714 657 769 709 in
804 658 947 710 foliis
984 658 1166 711 avium
1204 674 1264 711 se
1300 658 1448 711 milia
1481 658 1738 724 condunt,

291 730 507 800 Vesper
541 732 637 785 ubi
674 737 771 787 aut
806 733 1065 787 hibernus
1103 735 1220 803 agit
1258 734 1329 788 de
1365 734 1642 788 montibus
1677 734 1867 797 imber,

286 807 501 861 Matres
535 812 703 879 atque
740 810 857 878 viri,
896 810 1266 883 defunctaque
1302 827 1529 881 corpora
1564 810 1680 865 vita
1933 824 2006 862 475

286 884 697 953 Magnanimum
735 886 981 955 heroum,
1018 888 1175 957 pueri
1211 888 1586 957 innuptaeque
1620 886 1848 956 puellae,

287 960 634 1030 Inpositique
671 964 817 1032 rogis
854 965 1077 1018 iuvenes
1115 968 1244 1019 ante
1279 980 1376 1017 ora
1411 967 1730 1033 parentum3

286 1037 437 1101 Quos
472 1039 675 1093 circum
710 1040 870 1094 limus
906 1042 1063 1109 niger
1102 1046 1160 1096 et
1197 1040 1456 1095 deformis
1492 1038 1703 1093 arundo

286 1113 477 1182 Cocyti
513 1115 785 1186 tardaque
823 1118 979 1187 palus
1016 1117 1322 1171 inamabilis
1359 1116 1506 1171 unda

287 1189 515 1260 Alligat,
553 1194 611 1245 et
648 1195 873 1247 noviens
910 1194 1047 1262 Styx
1085 1194 1353 1247 interfusa
1391 1196 1622 1247 coercet.
1931 1204 2007 1245 480

285 1266 429 1330 Quin
466 1268 616 1336 ipsae
653 1272 913 1339 stupuere
952 1270 1146 1324 domus
1185 1274 1354 1339 atque
1392 1270 1583 1323 intima
1620 1269 1747 1321 Leti

282 1341 521 1397 Tartara
557 1346 946 1416 caeruleosque
981 1347 1233 1416 inplexae
1270 1345 1512 1400 crinibus
1551 1346 1744 1412 anguis

282 1418 635 1488 Eumenides,
672 1424 962 1493 tenuitque
997 1423 1210 1477 inhians
1247 1424 1355 1477 tria
1394 1419 1668 1475 Cerberus
1703 1435 1815 1486 ora,

283 1495 477 1564 Atque
517 1497 713 1551 Ixionii
750 1504 914 1553 vento
952 1503 1073 1554 rota
1107 1500 1358 1553 constitit
1397 1496 1563 1551 orbis.

283 1571 517 1639 Iamque
553 1573 751 1643 pedem
788 1576 1031 1630 referens
1067 1591 1224 1629 oesus
1261 1577 1510 1627 evaserat
1546 1572 1736 1639 omnis,
1931 1585 2007 1625 486

282 1647 641 1720 Redditaque
681 1650 947 1722 Eurydice
984 1667 1212 1721 superas
1248 1648 1504 1704 veniebat
1542 1647 1615 1702 ad
1650 1664 1828 1714 auras,

284 1723 436 1778 Pone
520 1743 1075 1798 sequens‚-namque
1146 1727 1284 1781 hanc
1355 1725 1590 1781 dederat
1673 1723 2002 1793 Proserpina

422 1802 676 1870 legem—

281 1876 424 1931 Cum
464 1879 647 1933 subita
684 1880 963 1936 incautum
1000 1881 1281 1936 dementia
1315 1881 1462 1950 cepit
1497 1882 1794 1946 amantem,

281 1951 631 2020 Ignoscenda
667 1956 902 2024 quidem,
940 1959 1145 2012 scirent
1180 1959 1227 2011 si
1258 1958 1538 2026 ignoscere
1576 1955 1794 2009 Manes:

280 2028 532 2097 Restitit,
574 2031 990 2101 Eurydicenque
1026 2051 1196 2101 suam,
1233 2034 1342 2088 iam
1377 2033 1499 2086 luce
1535 2031 1638 2086 sub
1670 2032 1804 2100 ipsa,
1931 2043 2004 2084 ⁴90

281 2105 580 2172 Inmemor,
618 2108 753 2162 heu!
799 2109 1084 2178 victusque
1121 2110 1285 2163 animi
1323 2108 1576 2177 respexit.
1654 2107 1741 2160 Ibi
1777 2106 1954 2160 omnis

280 2182 503 2236 Effusus
538 2183 709 2251 labor,
747 2188 917 2252 atque
952 2186 1161 2239 inmitis
1194 2189 1358 2254 rupta
1391 2185 1608 2252 tyranni

282 2257 556 2326 Foedera,
597 2263 794 2329 terque
830 2261 1019 2330 fragor
1055 2261 1262 2330 stagnis
1297 2260 1517 2313 auditus
1555 2259 1806 2312 Avernis.

280 2333 405 2399 Illa,
458 2335 591 2399 Quis
644 2340 704 2390 et
758 2354 861 2406 me,
915 2337 1112 2407 inquit,
1171 2337 1443 2403 miseram,
1503 2338 1562 2389 et
1621 2337 1679 2388 te
1737 2333 2001 2402 perdidit,

403 2412 666 2480 ⁴Orpheu,

280 2486 422 2551 Quis
458 2491 643 2542 tantus
681 2490 867 2544 furor?
907 2491 991 2544 En
1027 2490 1231 2544 iterum
1267 2488 1513 2543 crudelia
1548 2489 1699 2541 retro
1933 2499 2004 2539 495

281 2563 426 2616 Fata
460 2571 665 2631 vocant,
704 2566 1001 2634 conditque
1037 2566 1286 2620 natantia
1318 2565 1522 2618 lumina
1556 2579 1788 2616 somnus-

281 2639 516 2708 Iamque
552 2643 700 2696 vale:
734 2643 885 2696 feror
919 2643 1129 2710 ingenti
1167 2639 1505 2696 circumdata
1538 2643 1716 2702 nocte,

280 2715 674 2787 Invalidasque
710 2718 813 2771 tibi
853 2719 1102 2784 tendenS,
1140 2719 1252 2771 hcu
1285 2733 1392 2769 non
1431 2718 1541 2781 tua,
1577 2715 1813 2783 palmas!

277 2789 457 2859 Dixit,
498 2798 555 2848 et
593 2811 663 2849 ex
700 2795 870 2848 oculis
906 2795 1105 2863 subit0,
1142 2811 1245 2849 ceu
1278 2793 1460 2846 fumus
1493 2791 1549 2845 in
1585 2807 1746 2844 auras

277 2867 627 2925 Commixtus
666 2871 864 2936 tenuis,
902 2871 1042 2940 fugit
1080 2871 1314 2938 diversa,
1349 2885 1530 2937 neque
1565 2868 1733 2932 illum,
1928 2881 2004 2919 500

278 2945 645 3002 prensantem
685 2949 1018 3016 nequiquam
1055 2947 1277 3000 umbras
1313 2950 1371 2998 et
1407 2945 1579 2998 multa
1615 2941 1886 2995 volentem

277 3019 499 3089 Dicere,
537 3033 827 3092 praeterea
862 3023 1031 3086 vidit;
1064 3038 1165 3074 nec
1199 3021 1436 3089 portitor
1474 3018 1604 3072 Orci

278 3103 323 3153 A
336 3099 541 3168 mplius
579 3099 849 3152 obiectam
884 3113 1079 3167 passus
1114 3096 1347 3150 transire
1381 3093 1654 3162 paludem.

274 3175 431 3241 Quid
467 3175 711 3229 facerem
749 3191 856 3243 quo
894 3188 954 3226 se
987 3175 1152 3240 rapta
1186 3169 1273 3223 bis
1309 3170 1538 3233 coniuge
1572 3164 1780 3217 ferret?

2065 3269 2162 3370 f
