2163 3401
791 78 1157 129 AENEIDOS
1189 81 1329 130 LIB.
1370 82 1445 130 11.
1875 86 1967 139 107

272 158 398 211 Neu
432 157 693 227 populum
729 157 958 227 antiqua
992 159 1096 213 sub
1132 160 1395 228 religione
1429 162 1586 217 tueri.

270 235 414 287 Nam
451 233 498 287 si
531 238 718 287 vestra
753 250 946 288 manus
980 236 1239 289 violasset
1276 237 1421 291 dona
1458 238 1750 309 Minervae,

267 312 406 364 Tum
425 326 684 378 magnum
703 309 1157 380 exitium—quod
1176 312 1233 364 di
1252 314 1403 380 prius
1421 330 1580 367 omen
1598 314 1655 368 in
1672 318 1849 385 ipsum
1899 333 1973 373 ιω

269 385 910 443 convertantl-Priami
944 388 1157 455 inperio
1194 388 1613 459 Phrygibusque
1646 393 1893 447 futurum
1908 414 1923 460 3

268 466 362 520 Sin
398 462 650 517 manibus
685 463 884 516 vestris
919 468 1161 518 vestram
1198 464 1537 520 ascendisset
1571 467 1625 521 in
1660 468 1867 539 urbem,

267 542 430 595 Ultro
471 539 662 593 Asiam
698 556 894 608 magno
933 539 1171 609 Pelopea
1206 542 1278 595 ad
1313 544 1527 598 moenia
1558 543 1703 598 bello

266 618 590 685 Venturam,
627 620 688 670 et
721 619 938 670 nostros
973 634 1038 671 ea
1073 618 1193 673 fata
1227 636 1449 675 manere
1484 625 1724 689 nepotes.

334 693 559 748 Talibus
593 691 808 745 insidiis
842 694 1157 763 periurique
1192 700 1315 750 arte
1351 697 1567 751 Sinonis
1900 714 1975 754 1⁹5

266 772 496 827 Credita
529 788 634 838 res,
670 771 928 839 captique
963 770 1103 825 dolis
1138 773 1485 843 lacrimisque
1518 777 1731 846 coactis,

267 850 415 914 Quos
448 864 630 916 neque
667 847 920 915 Tydides,
958 864 1058 901 nec
1097 848 1410 903 Larissaeus
1448 850 1707 919 Achilles,

264 925 316 978 N
317 942 388 979 on
425 926 553 979 anni
591 924 852 978 domuere
888 923 1094 990 decem,
1128 942 1236 978 non
1274 926 1423 979 mille
1457 927 1685 983 carinae.

332 1002 442 1056 Hic
479 1001 631 1055 aliud
665 1002 840 1054 maius
875 1000 1091 1053 miseris
1126 1002 1409 1071 multoque
1444 1003 1790 1057 tremendum

264 1078 536 1133 Obiicitur
570 1078 757 1145 magis,
793 1082 962 1145 atque
999 1076 1283 1145 inprovida
1318 1082 1541 1148 pectora
1575 1079 1779 1135 turbat.
1898 1096 1971 1136 auo

264 1155 526 1223 Laocoon,
563 1154 762 1207 duetus
797 1154 1060 1223 Neptuno
1097 1159 1245 1209 sorte
1280 1156 1547 1224 sacerdos,

263 1232 550 1287 Sollemnis
586 1234 806 1285 taurum
841 1232 1123 1299 ingentem
1158 1233 1437 1287 mactabat
1470 1234 1543 1288 ad
1577 1250 1711 1287 aras.

263 1308 401 1363 Ecce
437 1312 622 1362 autem
659 1307 860 1375 gemini
897 1324 930 1360 a
967 1308 1191 1361 Tenedo
1227 1310 1524 1379 tranquilla
1558 1328 1659 1380 per
1693 1310 1875 1364 alta-

263 1385 540 1440 Horresco
578 1383 1149 1437 referens—inmensis
1187 1384 1410 1438 orbibus
1448 1402 1651 1453 angues

262 1461 599 1517 Incumbunt
633 1460 843 1529 pelage,
877 1461 1197 1530 pariterque
1233 1462 1306 1515 ad
1341 1462 1503 1515 litora
1538 1462 1802 1528 tendunt;
1896 1478 1969 1519 205

263 1538 495 1593 Pectora
531 1553 758 1605 quorum
797 1537 942 1589 inter
979 1536 1177 1598 fluctus
1215 1540 1430 1591 arrecta
1465 1537 1735 1605 iubaeque

263 1616 600 1683 Sanguineae
636 1612 900 1681 superant
931 1614 1137 1675 undas3
1174 1630 1302 1683 pars
1336 1618 1522 1667 cetera
1556 1620 1780 1683 pontum

264 1691 410 1747 Pone
443 1691 582 1759 legit
617 1689 908 1758 sinuatque
943 1690 1190 1744 inmensa
1224 1690 1493 1745 volumine
1529 1695 1729 1760 tergam

263 1769 356 1824 Fit
391 1769 602 1823 sonitus
639 1769 930 1836 spumante
966 1766 1107 1830 salo;
1142 1767 1362 1836 iamque
1398 1783 1527 1821 arva
1561 1769 1837 1837 tenebant,

263 1846 638 1914 Ardentisque
670 1843 853 1897 voculos
890 1843 1102 1897 suffecti
1139 1845 1399 1912 sanguine
1434 1848 1493 1899 et
1525 1845 1651 1913 igni,
1892 1860 1967 1900 210

262 1923 428 1977 Sibila
463 1921 780 1976 lambebant
814 1919 1014 1986 linguis
1049 1919 1391 1974 vibrantibus
1428 1939 1533 1975 ora.

261 1999 590 2067 Diffugimus
625 1999 744 2051 visu
778 2011 1096 2064 exsangues.
1174 1995 1262 2050 Illi
1298 1998 1512 2065 agmine
1549 2003 1701 2054 certo

261 2075 574 2130 Laocoonta
607 2077 834 2144 petunt;
871 2078 931 2127 ct
965 2074 1201 2142 primum
1238 2090 1406 2142 parva
1442 2075 1671 2127 duorum

262 2153 504 2221 Corpora
537 2155 791 2203 natorum
829 2167 1055 2218 serpens
1092 2151 1373 2218 amplexus
1406 2153 1644 2218 uterque

263 2228 502 2298 Inplicat
536 2230 593 2280 et
627 2227 853 2280 miseros
887 2241 1073 2279 morsu
1109 2225 1425 2295 depascitur
1458 2230 1640 2290 artus3
1896 2241 1969 2281 215

264 2304 398 2358 Post
432 2305 626 2372 ipsum,
663 2303 864 2356 auxilio
901 2303 1228 2356 subeuntem
1266 2318 1328 2355 ac
1362 2302 1476 2355 tela
1509 2302 1792 2371 ferentem,

265 2381 597 2450 Corripiunt,
635 2380 908 2449 spirisque
942 2381 1120 2446 ligant
1154 2378 1498 2446 ingentibus3
1535 2382 1593 2432 et
1626 2379 1736 2432 iam

265 2458 360 2512 Bis
394 2457 638 2510 medium
675 2457 928 2526 amplexi,
967 2455 1051 2509 bis
1088 2455 1225 2509 collo
1263 2472 1521 2524 squamea
1556 2455 1759 2508 circum

265 2535 440 2602 Terga
478 2534 607 2600 dati,
644 2540 905 2602 superant
939 2534 1121 2601 capite
1156 2536 1213 2586 et
1248 2532 1547 2586 cervicibus
1580 2531 1721 2584 altis.

267 2611 368 2664 llle
403 2611 565 2664 simul
602 2612 851 2665 manibus
887 2609 1070 2664 tendit
1106 2609 1367 2662 divellere
1400 2607 1586 2675 nodos,
1896 2621 1965 2662 220

267 2687 526 2742 Perfusus
562 2689 712 2743 sanie
743 2691 913 2743 vittas
950 2692 1182 2756 atroque
1220 2701 1439 2749 veneno,

268 2766 542 2822 Clamores
579 2768 737 2820 simul
773 2767 1076 2821 horrendos
1112 2764 1185 2817 ad
1222 2763 1405 2817 sidera
1437 2760 1607 2814 tollit:

267 2843 448 2908 Qualis
482 2846 740 2914 mugitus,
773 2845 917 2913 fugit
953 2860 1074 2897 cum
1114 2841 1326 2895 saucius
1360 2853 1509 2891 aram

266 2920 474 2975 Taurus
511 2925 568 2976 ct
603 2921 870 2976 incertam
908 2919 1147 2973 excussit
1183 2915 1392 2969 cervice
1430 2915 1671 2966 securim.

267 2999 344 3052 At
379 2997 585 3067 gemini
622 2997 780 3066 lapsu
816 2996 1047 3050 delubra
1084 2994 1155 3046 ad
1194 3007 1403 3044 summa
1440 2989 1699 3041 dracones
1886 3001 1956 3038 2⁹5

267 3075 547 3143 Effugiunt
585 3089 888 3142 saevaeque
923 3074 1123 3140 petunt
1160 3066 1455 3120 Tritonidis
1492 3079 1686 3126 arcem,

267 3150 378 3205 Sub
411 3149 758 3220 pedibusque
793 3149 931 3201 deae
968 3143 1239 3211 clipeique
1274 3140 1377 3192 sub
1411 3137 1547 3190 orbe
1578 3135 1853 3201 teguntur.
