2163 3401
756 90 1146 141 ..AENEIDOS
1179 92 1319 143 LIB.
1357 93 1458 142 IX.
1885 84 1982 131 253

270 172 583 240 Contigerit
618 172 827 238 victori,
864 176 923 226 et
956 173 1196 241 praedae
1233 174 1417 228 dicere
1452 178 1684 227 sortem:

272 248 499 316 Vidisti,
534 263 644 316 quo
682 248 894 301 Turnus
930 266 1087 316 equo,
1125 250 1326 318 quibus
1359 250 1477 305 ibat
1511 251 1568 303 in
1603 248 1768 301 armis

274 326 527 388 Aureus3
572 326 749 392 ipsum
786 324 954 391 illum,
988 326 1224 393 clipeum
1259 327 1564 395 cristasque
1599 323 1852 378 rubentis
1903 336 1976 377 27⁰

274 401 560 469 Excipiam
599 400 749 467 sorti,
784 401 895 453 iam
930 418 1074 454 nunc
1107 405 1208 455 tua
1241 403 1498 470 praemia,
1537 402 1688 455 Nise.
1767 448 1772 453 .

275 477 575 530 Praeterea
608 475 693 529 bis
730 492 829 529 sex
860 477 1080 544 genitor
1115 478 1412 531 lectissima
1447 480 1688 531 matrum

274 553 522 623 Corpora
556 554 907 623 captivosque
942 554 1116 620 dabit,
1153 570 1359 622 suaque
1394 554 1644 607 omnibus
1679 566 1860 615 arrum

276 630 515 699 Insuper
547 631 649 697 his,
686 630 865 698 campi
901 630 1050 698 quod
1086 648 1186 685 rex
1223 630 1391 684 habet
1422 632 1538 700 ipse
1575 630 1818 685 Latinus.

218 777 222 779 V
274 706 357 760 'l'e
388 724 533 773 vero,
571 722 693 759 mea
726 722 891 775 quem
926 706 1124 775 spatiis
1157 705 1502 775 propioribus
1536 710 1688 761 aetas
1903 720 1975 762 275

276 782 610 851 Insequitur,
645 781 955 836 venerande
990 798 1142 849 puer,
1176 783 1286 835 iam
1320 786 1542 850 pectore
1577 787 1698 835 toto

275 858 503 926 Accipio
538 862 596 911 et
630 858 885 911 comitem
920 874 1077 911 casus
1113 858 1426 925 conplector
1459 858 1519 909 in.
1552 858 1741 911 omnis.

277 934 324 986 N
333 934 445 987 ulla
478 934 613 987 meis
648 934 765 986 sine
800 938 859 987 te
896 940 1192 1002 quaeretur
1225 934 1399 1001 gloria
1434 933 1630 998 rebus;

274 1009 383 1063 Seu
422 1026 612 1078 pacem
648 1026 746 1062 seu
781 1009 926 1063 bella
958 1026 1163 1077 geram,
1199 1009 1301 1063 tibi
1337 1006 1593 1063 maxuma
1627 1024 1813 1061 rerum

276 1084 697 1152 verborumque
731 1084 883 1138 fides.
956 1085 1164 1138 Contra
1197 1102 1362 1154 quem
1396 1085 1530 1139 talia
1564 1085 1711 1140 fatur
1901 1099 1974 1138 aso

278 1161 569 1229 Euryalus:
618 1160 713 1213 Me
749 1161 901 1215 nulla
934 1160 1055 1215 dies
1091 1166 1206 1215 tam
1241 1161 1476 1215 sortibus
1511 1162 1658 1216 ausis

276 1237 610 1289 Dissimilem
644 1237 920 1305 arguerit3
966 1241 1182 1291 tantum
1217 1238 1436 1292 fortuna
1471 1238 1709 1293 secunda

280 1313 448 1366 Haud
482 1312 712 1367 adversa
744 1313 925 1367 cadat.
998 1314 1112 1367 Sed
1147 1318 1204 1367 te
1241 1332 1408 1383 super
1443 1316 1622 1367 omnia
1657 1313 1802 1367 dona

278 1390 460 1443 Unum
497 1405 619 1443 oro:
666 1390 921 1457 genetrix
958 1390 1164 1443 Priami
1201 1390 1272 1443 de
1308 1395 1474 1457 gente
1508 1392 1727 1443 vetusta

280 1467 379 1519 Est
414 1466 564 1528 mihi,
601 1482 765 1535 quam
800 1467 1055 1519 miseram
1093 1467 1273 1519 tenuit
1307 1482 1416 1519 non
1452 1464 1558 1517 llia
1599 1464 1762 1517 tellus
1900 1479 1972 1519 285

278 1543 332 1595 M
340 1558 495 1595 ecum
532 1541 903 1608 excedentem,
938 1558 1046 1595 non
1080 1542 1300 1595 moenia
1333 1540 1478 1608 regis
1513 1542 1768 1595 Acestae.

278 1619 437 1671 Hanc
472 1634 572 1685 ego
606 1634 749 1671 nunc
783 1618 1029 1685 ignaram
1063 1618 1226 1672 huius
1251 1617 1634 1686 quodcumque
1667 1615 1859 1685 pericli
1887 1620 1972 1673 est

278 1695 457 1764 Inque
492 1694 782 1750 salutatam
818 1694 1035 1764 linquo;
1083 1694 1208 1748 Nox
1244 1697 1304 1749 et
1338 1697 1436 1748 tua
1469 1692 1630 1748 testis

278 1771 539 1836 Dextera,
577 1770 726 1839 quod
761 1787 1029 1839 nequeam
1064 1771 1316 1826 lacrimas
1352 1771 1597 1840 perferre
1632 1769 1890 1839 parentis.

280 1849 358 1900 At
393 1850 472 1914 tu,
508 1863 619 1914 oro,
654 1846 830 1900 solare
862 1847 1098 1915 inopem,
1133 1850 1192 1901 et
1227 1863 1482 1902 succurre
1515 1847 1756 1901 relictae.
1902 1861 1974 1900 aso

276 1923 438 1976 Hanc
471 1923 587 1976 sine
621 1939 709 1976 me
742 1939 899 1990 spem
932 1923 1081 1976 ferre
1116 1923 1226 1978 tui:
1273 1923 1564 1980 audentior
1597 1923 1690 1978 ibo

274 2000 346 2052 In
381 2015 541 2052 casus
574 2000 765 2052 omnis·
835 1998 1101 2053 Percussa
1134 2003 1319 2054 mente
1354 1999 1560 2054 dedere

274 2074 628 2129 Dardanidae
661 2075 939 2138 lacrimam
984 2078 1114 2128 ante
1148 2075 1322 2128 omnis
1355 2076 1581 2143 pulcher
1617 2076 1786 2142 Iulus,

275 2153 481 2219 Atque·
504 2150 745 2218 animum
780 2150 1009 2218 patriae·
1032 2151 1257 2204 strinxit
1292 2151 1520 2220 pietatis
1553 2151 1749 2218 image.

273 2227 415 2279 Tum
450 2227 529 2281 sic
564 2227 787 2280 effatur:
1903 2241 1974 2280 295

274 2303 498 2372 Sponde
534 2302 701 2371 digna
734 2301 846 2356 tuis
880 2301 1196 2370 ingentibus
1231 2300 1415 2355 omnia
1448 2301 1671 2370 coeptis.

275 2380 532 2447 Namque
566 2377 674 2432 erit
708 2377 819 2432 ista
852 2377 985 2432 mihi
1018 2377 1288 2446 genetriX‚
1322 2393 1630 2446 nomenque
1666 2376 1904 2430 Creusae

273 2455 462 2507 Solum
500 2454 751 2521 defuerit,
772 2469 889 2508 ,nec
923 2459 1144 2521 partum
1177 2453 1358 2522 gratia
1391 2453 1559 2506 talem

277 2531 457 2583 Parva
492 2533 694 2586 manet.
767 2529 939 2583 Casus
973 2529 1182 2586 factum
1218 2530 1551 2598 quicumque
1586 2528 1903 2595 sequentur,

279 2607 386 2659 Per
421 2610 587 2674 caput
621 2607 723 2660 hoc
756 2606 891 2672 ium,
930 2623 1029 2674 per
1064 2605 1214 2674 quod
1247 2607 1408 2674 pater
1441 2609 1571 2658 ante
1607 2602 1846 2658 solebat:
1901 2618 1974 2658 ³⁰0

272 2683 429 2748 Quae
463 2682 567 2737 tibi
602 2682 861 2751 polliceor
893 2681 1084 2735 reduci
1119 2681 1394 2749 rebusque
1429 2679 1694 2744 secundis,

275 2760 435 2813 Haec
468 2759 663 2812 eadem
699 2757 971 2825 matrique
1008 2762 1138 2812 tuae
1172 2755 1472 2824 generique
1505 2755 1822 2810 manebunt.

274 2834 364 2889 Sic
400 2835 481 2888 ait
516 2834 891 2897 inlacrimans3
935 2833 1162 2888 humero
1183 2832 1360 2888 simul
1397 2832 1553 2887 exuit
1588 2848 1788 2901 ensem,

273 2911 567 2975 Auratum,
604 2911 745 2964 mira
778 2925 940 2978 quem
976 2910 1183 2964 fecerat
1219 2913 1340 2962 arte
1378 2909 1590 2977 Lycaon

274 2987 511 3041 Gnosius
546 2990 714 3054 atque
750 2984 988 3044 habilem
1024 2985 1221 3051 vagina
1239 2986 1474 3051 aptarat
1510 2983 1733 3036 eburna.
1903 2998 1973 3036 ωε

274 3063 393 3117 Dat
425 3063 563 3116 Niso
601 3058 925 3114 Mnestheus
960 3060 1161 3127 pellem
1196 3059 1580 3126 horrentisque
1614 3058 1788 3112 leonis

270 3139 545 3205 Exuvias3
589 3137 805 3207 galeam
840 3133 987 3189 fidus
1018 3138 1300 3204 permutat
1337 3134 1546 3189 Aletes-
