2163 3401
780 102 934 151 AEN
938 103 1149 153 EIDOS
1184 106 1323 155 LIB.
1362 108 1491 155 ΧΠ.
1888 114 1981 164 329

279 181 588 248 Vestiguv‘t
623 198 772 250 apes,
807 183 1065 253 fumoque
1098 185 1329 254 inplevit
1362 204 1576 254 amal-03

277 258 414 311 Illae
448 258 600 315 intus
634 258 884 327 trepidae
919 277 1103 315 rerum
1137 279 1238 330 per
1272 280 1431 319 cerea
1464 270 1642 321 castra

277 335 620 402 Discurrunt,
658 337 979 406 magnisque
1013 344 1215 394 acuunt
1250 340 1578 396 stridoribus
1611 346 1755 411 iras;
1910 362 1983 402 eoo

275 410 532 465 Volvitur
565 415 687 465 ater
721 412 858 466 odor
894 415 1091 480 tectis3
1128 419 1247 469 tum
1282 434 1559 473 murmure
1596 438 1753 475 caeco

275 488 439 542 Intus
477 504 608 543 saxa
643 492 872 555 sonant3
907 507 1106 544 vacuas
1141 492 1187 546 it
1222 493 1403 547 fumus
1440 496 1510 549 ad
1548 514 1719 551 auras.

345 564 568 619 Accidit
603 565 738 619 haec
772 565 932 619 fessis
967 566 1136 621 etiam
1173 570 1391 624 fortuna
1430 571 1651 641 Latinis,

275 641 428 705 Quae
463 644 642 695 totam
675 641 826 696 luctu
861 644 1133 697 concussit
1170 645 1416 700 funditus
1452 649 1657 703 urbem.

274 717 490 785 Regina
524 720 590 771 ut
624 717 786 771 tectis
821 718 1129 773 venientem
1168 722 1430 790 prospicit
1465 724 1691 791 hostem,
1909 742 1981 782 tes

275 793 485 847 Incessi
515 810 716 861 muros,
753 794 894 862 ignis
930 794 1002 847 ad
1036 800 1187 850 tecta
1223 798 1417 865 volare,

270 869 560 937 Nusquam
595 870 740 923 acies
776 874 966 924 contra
1003 871 1251 941 Rutulas,
1288 874 1436 928 nulla
1471 878 1688 943 agmina
1722 879 1889 932 Turni
1915 900 1925 933 :

271 944 474 999 Infelix
509 962 726 1013 pugnae
759 946 1012 1001 iuvenem
1049 948 1104 1000 in
1144 951 1441 1003 certamine
1476 952 1651 1007 credit

270 1021 634 1087 Exstinctum‚
673 1024 744 1089 et,
781 1022 962 1077 subito
999 1027 1241 1078 mentem
1280 1026 1505 1080 turbata
1541 1027 1740 1097 dolore,

269 1098 342 1153 Se
379 1114 622 1151 caussam
658 1098 858 1153 clamat
891 1099 1207 1169 crimenque
1244 1107 1514 1171 caputque
1550 1104 1827 1173 malorum,
1902 1123 1978 1161 eoo

271 1174 561 1242 Multaque
595 1191 696 1242 per
731 1179 1004 1231 maestum
1042 1176 1269 1231 demens
1308 1178 1470 1233 effata
1502 1180 1753 1248 furorem,

269 1250 582 1318 Purpureos
617 1251 883 1307 moritura
917 1269 1085 1307 manu
1124 1253 1383 1308 discindit
1408 1257 1650 1324 amictus,

268 1327 343 1381 Et
378 1326 582 1380 nodum
617 1328 859 1383 informis
894 1327 992 1382 leti
1027 1329 1189 1382 trabe
1225 1332 1395 1383 nectit
1432 1331 1501 1383 ab
1536 1332 1660 1385 alta.

268 1404 448 1469 Quam
482 1402 693 1459 cladem
728 1404 961 1459 miserae
996 1409 1287 1473 postquam
1324 1423 1579 1475 accepere
1618 1408 1857 1473 Latinae,

269 1479 412 1533 Filia
445 1480 624 1549 prima
659 1498 824 1535 manu
860 1480 1028 1534 flavos
1066 1482 1294 1535 Lavinia
1333 1482 1493 1535 crinis
1902 1498 1977 1536 ωε

268 1556 342 1610 Et
375 1572 559 1609 roseas
592 1556 796 1611 laniata
829 1574 1012 1625 genas,
1051 1561 1171 1611 tum
1209 1561 1397 1611 cetera
1430 1558 1629 1611 circum

266 1631 452 1685 Turba
485 1633 654 1698 furit3
690 1636 946 1687 resonant
981 1634 1095 1688 late
1133 1633 1483 1704 plangoribus
1520 1633 1696 1688 aedes.

269 1709 417 1762 Hinc
450 1713 625 1763 totam
662 1709 852 1764 infelix
888 1711 1141 1778 volgatur
1178 1711 1324 1764 fama
1358 1727 1458 1779 per
1493 1710 1698 1765 urbem.

265 1784 584 1840 Demittunt
619 1790 858 1852 montem
895 1787 941 1840 it
977 1786 1144 1840 scissa
1183 1790 1335 1840 veste
1374 1787 1612 1854 Latinus,

266 1860 526 1929 Coniugis
559 1862 826 1916 attonitus
860 1861 991 1914 fatis
1029 1861 1293 1930 urbisque
1330 1862 1502 1929 ruina,
1900 1877 1975 1917 ⁶10

265 1937 536 1992 Canitiem
571 1938 831 1991 inmundo
865 1938 1142 2006 perfusam
1182 1939 1406 2008 pulvere
1442 1942 1669 2009 turpans

264 2012 578 2081 [Multaque
613 2030 672 2068 se
708 2013 936 2081 incusat,
973 2015 1066 2081 qui
1105 2031 1211 2068 non
1250 2015 1523 2084 acceperit
1556 2019 1685 2069 ante

267 2087 606 2142 Dardanium
645 2092 888 2156 Aenean,
923 2105 1297 2157 generumque
1344 2091 1637 2144 adsciverit
1670 2091 1853 2160 ultroJ.

337 2165 560 2218 Interea
593 2169 840 2220 extremo
876 2164 1110 2220 bellator
1146 2165 1203 2218 in
1244 2181 1481 2233 aequore
1523 2165 1733 2219 Turnus

265 2241 508 2295 Palantis
545 2242 792 2310 sequitur
827 2258 1027 2310 paucos
1065 2241 1175 2294 iam
1216 2241 1447 2308 segnior,
1488 2244 1653 2308 atque
1904 2257 1977 2295 615

267 2318 386 2371 Iam
422 2318 602 2371 minus
635 2321 805 2386 atque
838 2318 1017 2374 minus
1057 2333 1308 2372 successu
1333 2317 1511 2371 laetus
1548 2333 1822 2386 equorum.

271 2393 477 2447 Attulit
509 2393 654 2448 hunc
687 2390 771 2445 illi
815 2395 990 2449 caecis
1027 2394 1336 2448 terroribus
1376 2409 1509 2448 aura

264 2469 636 2523 Commixtum
669 2470 976 2540 clamorem,
1013 2475 1367 2539 arrectasque
1407 2469 1606 2539 inpulit
1639 2469 1785 2523 auris

264 2545 536 2599 Confusae
572 2563 736 2600 sonus
769 2546 924 2600 urbis
962 2551 1021 2601 et
1057 2547 1376 2601 inlaetabile
1416 2562 1677 2600 murmur.

269 2620 377 2675 Hei
413 2621 578 2676 mihi!
618 2621 753 2692 quid
787 2627 946 2678 tanto
980 2623 1276 2677 turbantur
1321 2622 1535 2676 moenia
1568 2621 1759 2675 luctu?
1908 2635 1977 2674 σεο

263 2695 467 2760 Quisve
500 2697 614 2753 ruit
649 2702 840 2753 tantus
876 2699 1093 2754 diversa
1134 2700 1335 2753 clamor
1374 2699 1445 2752 ab
1482 2696 1656 2752 urbe?

263 2771 353 2826 Sic
387 2773 482 2841 ait,
519 2773 885 2846 adductisque
925 2793 1111 2830 amens
1154 2775 1403 2831 subsistit
1441 2773 1680 2828 habenis.

265 2848 454 2918 Atque
489 2848 630 2917 huie,
664 2851 722 2904 in
763 2851 956 2907 faciem
995 2868 1148 2906 soror
1183 2855 1246 2905 ut
1282 2867 1543 2905 conversa
1580 2848 1797 2902 Metisci

265 2924 515 2994 Aurigae
556 2943 890 2996 currumque
925 2932 984 2982 et
1019 2945 1189 2997 equos
1226 2931 1284 2981 et
1317 2926 1432 2980 lora
1471 2924 1711 2993 regebat,

263 2997 487 3056 Talibus
525 3003 763 3058 occurrit
800 3003 992 3058 dictis:
1031 3004 1171 3072 Hac,
1207 3003 1400 3068 Turne,
1441 3017 1737 3072 sequamur
1906 3015 1977 3053 ωε

263 3075 616 3145 Troiugenas,
653 3095 764 3147 qua
797 3079 974 3146 prima
1009 3080 1154 3133 viam
1188 3077 1414 3132 victoria
1446 3077 1676 3146 pandit;

265 3151 410 3207 Sunt
444 3152 554 3218 alii,
591 3153 687 3221 qui
723 3155 873 3210 tecta
906 3171 1070 3209 manu
1106 3152 1403 3209 defendere
1434 3152 1657 3222 possint.
