2163 3401
96 67 190 113 208
556 62 617 112 P.
656 60 961 109 VERGILI
996 57 1326 106 MARONIS

96 146 416 200 Adventare
450 144 641 209 virum,
679 145 739 196 et
776 141 950 211 partis
986 144 1177 209 petere
1212 156 1408 207 agmen
1443 138 1664 193 easdem

96 220 351 275 Partibus
386 237 456 273 cx
491 219 679 283 isdem,
715 223 774 272 ct
810 234 1022 271 summa
1042 216 1388 270 *dominarier
1422 232 1558 270 arce.
1751 228 1812 271 7⁰

96 298 405 364 Praeterea,
439 296 603 349 castis
638 295 819 348 adolet
858 294 991 347 dum
1026 292 1224 347 altaria
1257 292 1451 357 taedis,

96 374 177 427 Ut
211 373 367 427 iuxta
397 372 703 441 genitorem
739 371 925 423 adstat
961 369 1190 423 Lavinia
1224 368 1390 436 virgo,

100 450 245 517 Visa,
281 450 447 517 nefas,
485 448 658 517 longis
695 446 1067 515 conprendere
1101 445 1342 499 crinibus
1373 446 1574 513 ignem,

98 529 288 594 Atque
324 543 539 579 omnem
576 527 829 578 ornatum
866 522 1085 576 flamma
1119 522 1426 589 crepitante
1459 520 1708 586 cremari,

101 602 429 671 Regalisquc
465 617 689 655 accensa
722 614 917 665 comas,
953 612 1182 652 accensa
1215 613 1484 663 coronam,
1757 608 1808 649 π

100 680 379 746 Insignem
414 678 671 746 gemmis;
706 680 825 729 tum
860 673 1071 727 fumida
1107 674 1309 727 lumine
1345 672 1491 725 fulvo

101 754 325 822 Involvi,
361 771 425 808 ac
458 753 593 808 totis
630 752 930 806 Volcanum
968 766 1228 819 spargere
1263 750 1439 803 tectis.

101 831 173 885 Id
206 847 336 885 vero
371 830 703 884 horrendum
739 846 803 882 ac
836 828 957 881 visu
992 826 1242 880 mirabile
1277 826 1439 879 ferri:

102 909 353 976 Namque
387 908 503 961 fore
535 907 820 959 inlustrem
855 904 1001 957 fama
1035 904 1276 971 fatisque
1311 901 1583 956 canebant

104 985 301 1054 Ipsam,
340 984 437 1036 sed
470 982 669 1051 populo
704 996 959 1049 magnum
994 977 1328 1047 portendere
1361 977 1582 1046 bellum,
1759 992 1814 1031 eo

104 1062 187 1113 At
221 1076 319 1113 rex
356 1058 618 1112 sollicitus
652 1056 925 1124 monstris,
964 1055 1181 1108 oracula
1220 1053 1408 1121 Fauni,

105 1134 335 1189 Fatidici
372 1134 651 1202 genitoris,
686 1133 820 1199 adit,
855 1132 1115 1199 lucosque
1150 1130 1255 1184 sub
1287 1131 1402 1183 alta

106 1210 350 1264 Consulit
388 1208 653 1273 Albunea,
688 1224 970 1262 nemorum
1008 1224 1151 1275 quae
1185 1223 1442 1259 maxuma
1477 1222 1633 1260 sacro

107 1288 281 1341 Fonte
316 1289 486 1352 sonat,
523 1302 849 1354 saevamque
885 1283 1107 1337 exhalat
1142 1299 1310 1351 opaca
1345 1282 1646 1351 mephitim.

106 1363 253 1417 Hinc
290 1362 465 1417 Italae
501 1365 693 1429 gentes
728 1360 1013 1428 omnisque
1050 1358 1315 1413 Oenotria
1349 1358 1512 1413 tellus
1757 1373 1814 1413 ss

107 1440 175 1493 In
210 1439 389 1493 dubiis
426 1454 682 1507 responsa
716 1441 942 1506 petunt;
976 1436 1085 1490 huc
1120 1436 1264 1489 dona
1297 1435 1552 1490 sacerdos

107 1516 245 1569 Cum
280 1515 411 1569 tulit
446 1519 505 1569 et
538 1531 817 1568 caesarum
854 1514 1034 1567 ovium
1070 1511 1173 1566 sub
1208 1515 1368 1566 nocte
1403 1511 1584 1565 silenti

113 1592 351 1645 Pellibus
384 1589 631 1644 incubuit
668 1591 857 1644 stratis
893 1605 1219 1657 somnosque
1253 1588 1464 1657 petivit,

109 1666 286 1721 Multa
322 1666 497 1721 modis
535 1665 821 1720 simulacra
854 1666 1009 1720 videt
1046 1663 1332 1719 volitantia
1365 1664 1530 1732 miriS,

109 1745 181 1797 Et
216 1744 393 1798 varias
428 1743 584 1797 audit
619 1760 792 1811 voces,
828 1743 1141 1811 fruiturque
1177 1740 1405 1794 deorum
1641 1773 1646 1782 ·
1762 1755 1813 1796 90

110 1820 422 1889 Conloquio,
460 1824 625 1888 atque
660 1820 782 1874 imis
819 1819 1139 1874 Acheronta
1173 1817 1395 1871 adfatur
1433 1817 1684 1871 Avernis.

114 1896 218 1949 Hic
253 1901 311 1949 ct
346 1900 464 1950 tum
499 1900 659 1964 pater
692 1897 811 1965 ipse
846 1899 1040 1965 petens
1075 1910 1335 1962 responsa
1372 1893 1602 1947 Latinus

112 1972 343 2027 Centum
378 1971 649 2040 lanigeras
683 1971 961 2026 mactabat
993 1972 1104 2026 rite
1137 1968 1394 2037 bidentis,

113 2050 301 2116 Atque
335 2048 529 2101 harum
566 2049 786 2102 effultus
819 2052 977 2116 tergo
1014 2047 1315 2114 stratisque
1346 2045 1563 2100 iacebat

113 2123 448 2179 Velleribus:
486 2124 667 2178 subita
702 2142 770 2178 ex
808 2125 919 2178 alto
953 2140 1059 2177 vox
1095 2122 1320 2176 reddita
1354 2122 1476 2176 luco
1511 2126 1625 2177 est:
1773 2133 1821 2173 nt

115 2201 200 2258 Ne
234 2205 364 2270 pete
399 2201 679 2255 connubiis
713 2205 896 2254 natam
932 2201 1139 2254 sociare
1176 2199 1398 2264 Latinis,

114 2277 161 2330 O
199 2294 323 2331 mea
355 2278 657 2346 progenies,
694 2277 945 2330 thalamis
980 2293 1090 2330 neu
1123 2274 1288 2330 crede
1321 2274 1559 2344 paratis;

117 2354 344 2408 Externi
380 2355 605 2407 veniunt
639 2354 842 2422 generi,
879 2353 973 2422 qui
1011 2352 1271 2420 sanguine
1305 2355 1554 2404 nostrum

117 2431 330 2483 Nomen
365 2430 421 2483 in
457 2432 607 2483 astra
638 2429 834 2497 ferant,
872 2444 1213 2497 quorumque
1249 2426 1320 2480 ab
1354 2425 1528 2494 stirpe
1563 2429 1795 2495 nepotes

117 2503 315 2560 Omnia
350 2505 452 2559 sub
486 2504 735 2576 pedibus,
773 2521 881 2574 qua
916 2503 1007 2558 Sol
1040 2507 1338 2572 utrumque
1373 2518 1662 2556 recurrens
1745 2516 1820 2555 100

118 2583 335 2650 Aspicit
369 2582 661 2650 Oceanum,
698 2582 947 2650 vertique
983 2581 1209 2649 regique
1243 2578 1521 2633 videbunt.

120 2658 276 2712 Haec
309 2674 569 2728 responsa
604 2659 776 2727 patris
814 2657 985 2711 Fauni
1020 2656 1368 2725 monitusque
1405 2653 1586 2707 silenti

118 2734 170 2787 N
173 2736 294 2787 octe
329 2734 489 2788 datos
522 2750 629 2787 non
666 2735 784 2804 ipse
820 2749 917 2786 suo
950 2733 1152 2801 premit
1185 2749 1282 2786 ore
1318 2730 1560 2796 Latinus,

120 2809 230 2864 Sed
265 2809 466 2862 circum
500 2810 613 2863 late
646 2812 879 2864 volitans
912 2810 1021 2862 iam
1056 2809 1228 2862 Fama
1261 2823 1362 2875 per
1395 2804 1563 2859 urbes

122 2884 393 2936 Ausonias
428 2882 644 2949 tulerat,
680 2901 801 2937 cum
841 2883 1232 2936 Laomedontia
1265 2881 1438 2950 pubes
1752 2895 1828 2934 ιω

122 2955 413 3008 Gramineo
446 2955 597 3020 ripae
634 2957 883 3022 religavit
916 2957 986 3008 ab
1021 2973 1222 3024 aggere
1257 2957 1499 3009 classem.

191 3028 408 3078 Aeneas
442 3026 712 3092 primique
748 3029 914 3081 duces
951 3032 1009 3082 et
1040 3030 1269 3096 pulcher
1306 3030 1460 3083 Iulus

122 3097 362 3164 Corpora
398 3098 499 3148 sub
534 3100 697 3148 ramis
733 3101 1015 3165 deponunt
1048 3102 1260 3155 arboris
1295 3105 1455 3170 altae,
