2163 3401
802 91 1171 140 AENEIDOS
1204 91 1344 139 LIB.
1388 91 1449 140 V.
1888 89 1979 142 167

281 171 508 240 Iamque
524 171 686 224 'adeo
723 172 911 224 donati
947 187 1137 224 omnes
1171 171 1477 238 opibusque
1512 170 1738 234 superbi

277 249 526 302 Puniceis
559 248 716 301 ibant
750 248 948 300 evincti
981 251 1237 315 tempora
1269 247 1479 314 taeniis,

277 325 411 378 Cum
448 341 612 378 saevo
648 341 680 378 c
718 324 936 392 scopulo
971 324 1149 377 multa
1182 325 1273 376 vix
1309 327 1431 376 arte
1464 325 1723 390 revolsus,
1922 339 1991 378 Β

276 402 510 454 Amissis
544 401 713 454 remis
749 406 914 468 atque
948 399 1143 454 ordine
1178 400 1374 454 debilis
1408 418 1533 469 uno,

278 478 510 531 Inrisam
548 477 665 530 sine
702 477 906 530 honore
941 479 1119 530 ratem
1156 476 1447 545 Sergestus
1480 477 1694 545 agebat.

277 554 464 618 Qualis
501 571 664 622 saepe
700 553 818 606 viac
853 553 1161 621 deprensus
1194 553 1253 606 in
1286 570 1489 622 aggere
1525 571 1765 623 serpens,

277 633 462 684 Aerea
495 645 658 698 quem
693 629 972 697 obliquum
1006 632 1132 683 rota
1165 631 1400 696 transiit,
1436 634 1533 684 aut
1566 630 1749 698 gravis
1782 630 1899 684 ictu

274 706 614 760 seminecem
648 705 812 773 liquit
846 721 976 758 saxo
1010 706 1360 775 lacerumque
1394 707 1584 775 viator,
1910 719 1983 760 2⁷5

273 783 623 852 Nequiquam
656 781 847 849 longos
883 781 1097 850 fugiens
1132 781 1232 837 dat
1264 799 1493 853 corpore
1526 787 1722 849 tortus,

276 859 442 913 Parte
477 859 647 925 ferox,
682 857 992 926 ardensque
1028 858 1213 925 oculis,
1247 863 1306 913 et
1340 859 1498 914 sibila
1531 860 1669 914 colla

279 935 500 989 Arduus
535 934 828 1000 attollens3
864 951 992 1003 pars
1027 934 1248 989 volnere
1282 935 1479 990 clauda
1513 937 1757 990 retentat

279 1011 586 1065 Nexantem
621 1009 780 1065 nodis
815 1027 982 1080 seque
1016 1010 1074 1064 in
1111 1027 1211 1064 sua
1243 1012 1493 1066 membra
1524 1011 1835 1080 plicantem.

274 1087 387 1140 'Pali
423 1087 648 1156 remigio
681 1087 836 1140 navis
871 1103 932 1140 se
965 1085 1133 1140 tarda
1164 1087 1447 1154 movebat3
1906 1099 1981 1141 aso

281 1163 413 1216 Vela
447 1163 578 1216 facit
611 1166 814 1231 tamen,
849 1167 909 1218 et
943 1163 1078 1216 velis
1114 1163 1264 1230 subit
1296 1165 1437 1219 ostia
1471 1165 1658 1232 plenis.

275 1240 595 1306 Sergestum
634 1241 854 1294 Aeneas
888 1239 1161 1310 promisso
1198 1256 1423 1294 munere
1460 1241 1645 1308 donat,

274 1315 560 1370 Servatam
593 1315 665 1369 ob
701 1331 894 1370 navem
931 1316 1111 1370 laetus
1147 1316 1429 1385 sociosque
1464 1317 1731 1372 reductos.

273 1391 381 1445 Olli
416 1407 576 1446 serva
609 1391 790 1459 datur,
826 1409 1052 1460 operum
1090 1391 1239 1445 haud
1274 1393 1463 1460 ignara
1499 1393 1791 1459 Minervae,

273 1468 471 1525 Cressa
505 1485 690 1536 genus,
729 1467 950 1536 Pholoe,
983 1469 1295 1536 geminique
1330 1469 1433 1522 sub
1464 1468 1640 1522 'ubere
1672 1468 1803 1522 nati.
1906 1481 1980 1520 285

342 1544 467 1598 Hoc
500 1545 622 1612 pius
662 1547 879 1598 Aeneas
913 1545 1078 1598 misso
1114 1545 1411 1599 certamine
1446 1545 1629 1599 tendit

270 1620 624 1674 Gramineum
647 1621 705 1673 in
729 1637 996 1689 campum,
1020 1638 1185 1689 quem
1208 1621 1437 1674 collibus
1459 1619 1705 1688 undique
1729 1620 1911 1674 curvis

271 1696 580 1766 cingebant
611 1696 796 1765 silvae,
833 1696 1127 1766 mediaque
1160 1697 1217 1751 in
1251 1697 1391 1753 valle
1426 1696 1633 1753 theatri

270 1774 461 1829 Circus
497 1778 650 1839 erat3
688 1791 804 1843 quo.
833 1791 892 1829 se
927 1774 1117 1828 multis
1151 1790 1274 1828 cum
1308 1774 1529 1829 milibus
1561 1774 1724 1829 heros

269 1850 541 1905 Conscssu
575 1850 817 1906 medium
854 1851 984 1905 tulit
1019 1854 1409 1920 exstructoque
1443 1850 1667 1906 resedit.
1908 1864 1981 1904 290

271 1927 392 1993 Hic,
431 1927 526 1995 qui
559 1926 703 1980 forte
739 1926 909 1981 velint
943 1926 1138 1996 rapido
1171 1928 1504 1982 contendere
1539 1944 1714 1994 cursu,

268 2003 480 2057 Invitat
514 2003 708 2071 pretiis
743 2004 967 2069 animos,
1005 2007 1065 2058 et
1100 2004 1343 2073 praemi-J.
1376 2006 1542 2073 ponit.

267 2078 530 2147 Undique
565 2080 893 2135 conveniunt
927 2080 1121 2134 Teucri
1155 2080 1422 2149 mixtique
1457 2080 1650 2148 Sicani,

273 2154 436 2208 Nisus
473 2158 532 2208 et
549 2179 555 2183 ·
572 2155 839 2223 Euryalus
876 2156 1054 2225 primi,

267 2231 532 2300 Euryalus
567 2232 744 2285 forma
775 2232 1002 2302 insignis
1037 2233 1309 2302 viridique
1344 2235 1579 2301 iuventa,
1907 2258 1981 2297 295

266 2307 432 2361 Nisus
469 2324 654 2361 amore
689 2310 780 2377 pio
815 2310 1008 2377 pueri3
1047 2327 1185 2379 quos
1222 2310 1423 2363 deinde
1460 2314 1679 2365 secutus

270 2384 476 2452 Regius
511 2386 735 2453 egregia
771 2386 973 2439 Priami
1011 2386 1083 2439 de
1120 2386 1291 2453 stirpe
1329 2386 1557 2450 Diores;

271 2460 432 2515 Hunc
456 2460 636 2515 Salius
660 2461 821 2515 simul
847 2466 906 2516 et
933 2463 1153 2529 Patron,
1180 2478 1411 2529 quorum
1437 2462 1579 2516 alter
1604 2464 1877 2529 Acarnan,

271 2536 432 2590 Alter
469 2535 540 2589 ab
583 2537 822 2591 Arcadio
860 2538 1139 2605 Tegeaeae
1176 2538 1449 2608 sanguine·
1472 2538 1686 2605 gcntis;

263 2612 402 2666 Tum
426 2610 539 2666 duo
565 2612 826 2667 Trinacrii
861 2615 1099 2681 iuvenes
1139 2613 1405 2681 Helymus
1444 2614 1817 2683 Panopesque,
1906 2628 1980 2667 300

267 2686 506 2742 Adsueti
542 2688 708 2755 silvis,
746 2690 972 2743 comites
1007 2690 1235 2744 senioris
1274 2690 1542 2755 Acestae;

263 2761 429 2817 Multi
463 2768 764 2834 praeterea,
799 2782 938 2835 quos
973 2765 1121 2819 fama
1155 2764 1385 2819 obscura
1419 2765 1681 2821 recondit.

265 2841 484 2894 Aeneas
519 2841 717 2910 quibus
751 2844 808 2896 in
843 2841 1058 2898 mediis,
1075 2842 1153 2896 sic
1188 2841 1389 2896 deinde
1424 2842 1668 2899 locutus:

261 2916 520 2986 Accipite
556 2917 690 2971 haec
724 2917 934 2985 animis,
970 2918 1254 2985 laetasque
1290 2917 1567 2971 advertite
1600 2922 1842 2973 mentes:

257 2989 440 3046 Nemo
473 3010 545 3047 ex
579 2992 684 3047 hoc
715 3010 944 3049 numero
980 2994 1115 3050 mihi
1146 3010 1255 3046 non
1291 2992 1525 3045 donatus
1561 2993 1751 3047 abibit.
1785 2990 1822 3055 T,
1903 3004 1979 3045 806

259 3067 466 3123 Gnosia
498 3068 630 3123 bina
666 3069 808 3123 dabo
843 3069 1024 3123 levato
1059 3067 1245 3123 lucida
1278 3068 1427 3122 ferro
1834 3092 1840 3097 ·

257 3143 482 3216 Spicula.
514 3145 894 3213 caelatamque
930 3146 1162 3211 argento
1198 3142 1346 3196 ferro
1364 3141 1711 3209 ‘bipennem3
1786 3172 1791 3176 -
