2163 3401
812 108 1185 158 AENEIDOS
1218 110 1357 158 LIB.
1394 110 1465 161 X.
1901 112 1995 161 *279

287 189 415 243 Hoc
449 189 674 243 virtutis
709 204 864 257 opus.
939 185 1133 243 Troiae
1168 189 1271 244 sub
1305 191 1591 247 moenibus
1626 190 1756 247 altis

285 266 395 319 'l'ot
429 264 584 333 gnati
620 264 870 318 cecidere
906 263 1074 318 deum
1097 287 1110 331 ;
1145 268 1277 335 quin
1314 267 1516 323 occidit
1550 286 1660 323 una
1924 284 1999 325 470

286 340 586 410 Sarpedon,
621 357 746 393 mea
777 342 1087 409 progenies.
1158 343 1342 396 Etiam
1380 360 1479 397 sua
1513 345 1759 399 Turnum

286 417 430 472 Fata
467 420 678 484 vocant,
713 420 1001 484 metasque
1037 418 1157 472 dati
1192 420 1442 487 pervenit
1479 421 1551 475 ad
1586 422 1721 475 aevi.

283 494 378 548 Sic
414 494 508 559 ait,
545 496 716 562 atquc
749 494 934 547 oculos
972 493 1301 549 Rutulorum
1336 495 1517 551 reiicit
1550 497 1709 550 arvis.

286 572 369 624 At
408 570 588 623 Pallas
623 569 836 637 magnis
871 570 1080 625 emittit
1114 570 1324 624 viribus
1359 572 1588 641 hastam,

283 646 613 715 Vaginaque
647 662 778 699 cava
811 646 1115 714 fulgentem
1152 647 1345 717 diripit
1377 665 1577 703 ensem.
1922 666 1994 705 475

284 722 393 776 Illa
427 722 629 789 volans,
666 722 880 775 humeri
915 726 1152 789 surgunt
1187 740 1297 792 qua
1330 725 1577 793 tegmina
1610 741 1837 794 summa,

283 799 507 867 Incidit,
543 803 728 868 atque,
765 798 910 852 viam
947 798 1107 867 clipei
1142 801 1335 854 molita
1367 817 1469 869 per
1503 818 1641 867 oras,

280 875 527 929 Tandem
565 876 737 929 etiam
773 889 972 943 magno
1007 876 1233 931 strinxit
1268 878 1341 931 dc
1374 894 1601 947 corpore
1636 878 1820 933 Turni.

282 952 394 1005 Hic
430 952 646 1005 Turnus
679 952 829 1005 ferro
863 952 1169 1019 praefixum
1206 952 1375 1006 robur
1408 958 1567 1009 acuto

282 1029 350 1082 In
391 1028 639 1083 Pallanta
675 1028 771 1082 diu
806 1028 1014 1082 librans
1047 1029 1191 1095 iacit,
1228 1032 1396 1099 atque
1430 1030 1513 1084 ita
1545 1032 1730 1085 fatur:
1915 1044 1991 1085 400

283 1104 505 1173 Aspice,
525 1120 674 1157 ,num
709 1120 868 1172 mage
905 1104 980 1158 sit
1013 1109 1261 1159 nostrum
1297 1106 1639 1175 penetrabile
1674 1107 1861 1163 telum.

280 1180 546 1247 Dixerat3
581 1184 640 1234 at
675 1180 925 1251 clipeum,
964 1183 1051 1234 tot
1084 1181 1217 1235 ferri
1254 1187 1427 1251 terga,
1465 1186 1552 1237 tot
1586 1185 1741 1251 aeris,

281 1256 458 1321 Quem
495 1257 655 1326 pellis
689 1258 894 1311 totiens
929 1256 1095 1311 obeat
1130 1258 1469 1313 circumdata
1502 1261 1665 1328 tauri,

280 1332 540 1386 Vibranti
577 1332 820 1386 medium
855 1333 1038 1401 cuspis
1072 1335 1484 1389 transverberat
1515 1336 1642 1405 ictu,

281 1408 618 1477 Loricaeque
652 1424 835 1463 moras
871 1412 930 1462 et
963 1412 1157 1477 pectus
1194 1411 1440 1481 perforat
1474 1412 1679 1479 ingens.
1910 1426 1984 1465 485·

282 1486 386 1539 Ille
422 1487 568 1555 rapit
603 1486 840 1539 calidum
875 1486 1085 1539 frustra
1120 1487 1191 1540 de
1227 1488 1449 1541 volnere
1482 1488 1686 1541 telum:

279 1561 407 1615 Una
441 1563 744 1630 eademque
779 1562 868 1616 via
903 1563 1125 1630 sanguis
1159 1563 1481 1631 animusque
1515 1566 1835 1631 sequuntur.

280 1638 502 1692 Corruit
537 1638 593 1691 in
626 1638 851 1704 volnus3
885 1639 1127 1691 sonitum
1163 1654 1329 1708 super
1363 1655 1517 1692 arma
1551 1637 1785 1704 dedere:

280 1714 355 1768 Et
390 1719 596 1769 terram
631 1714 887 1768 hostilem
923 1715 1163 1768 moriens
1197 1717 1343 1784 petit
1376 1732 1473 1770 oro
1508 1719 1751 1770 cruento.

280 1790 457 1855 Quem
495 1791 712 1844 Turnus
747 1807 913 1859 super
948 1791 1253 1845 adsistens:
1912 1805 1985 1845 ⁴00

281 1868 544 1936 Arcades,
579 1867 730 1935 haec,
765 1866 959 1934 inquit,
995 1883 1265 1921 memores
1300 1884 1425 1922 mea
1460 1869 1609 1922 dicta
1643 1870 1848 1922 referte

279 1943 571 1997 Euandro:
607 1943 835 2008 Qualem
869 1943 1089 2011 meruit,
1128 1944 1379 1998 Pallanta
1414 1944 1652 1999 remitto,

281 2020 542 2089 Quisquis
564 2019 738 2073 honos
761 2019 974 2086 tumuli,
1001 2019 1275 2088 quidquid
1300 2021 1539 2074 solamen
1563 2020 1825 2076 humandi
1848 2025 1951 2090 est,

239 2095 250 2100 ’
281 2095 520 2164 Largior.
595 2094 764 2148 Haud
799 2095 879 2147 illi
917 2094 1146 2149 stabunt
1185 2097 1397 2150 Aeneia
1430 2113 1602 2166 parvo

281 2172 557 2240 Hospitia.
631 2171 706 2224 Et
739 2171 896 2224 laevo
931 2173 1140 2240 pressit
1174 2172 1331 2240 pede,
1368 2172 1501 2225 talia
1534 2172 1696 2239 fatus,
1913 2188 1986 2228 495

283 2248 614 2314 Exanimem,
652 2247 870 2315 rapiens
905 2247 1145 2300 inmania
1178 2248 1423 2315 pondera
1456 2247 1639 2315 baltei,

283 2325 710 2393 Inpressumque
746 2323 925 2377 nefas:
961 2339 1068 2376 una
1105 2322 1207 2376 sub
1242 2326 1404 2376 nocte
1438 2323 1606 2391 iugali

281 2400 455 2454 Caesa
489 2416 684 2453 manus
717 2400 972 2453 iuvenum
1008 2400 1184 2466 foede,
1220 2399 1557 2469 thalamique
1592 2400 1840 2464 cruenti;

281 2476 434 2540 Quae
473 2476 674 2530 Clonus
713 2474 1008 2542 Eurytides
1043 2477 1219 2529 multo
1253 2476 1561 2530 caelaverat
1596 2493 1729 2529 auro
1754 2496 1767 2540 ;

281 2553 400 2616 Quo
437 2568 578 2605 nunc
614 2551 829 2604 Turnus
864 2554 992 2604 ovat
1029 2551 1203 2620 spolio
1236 2551 1557 2619 gaudetque
1591 2551 1815 2620 potitus.
1914 2566 1987 2604 500

282 2627 481 2681 Nescia
517 2643 673 2680 mens
709 2626 989 2679 hominum
1026 2627 1126 2681 fati
1164 2628 1437 2695 sortisque
1469 2627 1705 2692 futurae,

281 2704 353 2757 Et
388 2719 607 2758 servare
643 2702 881 2768 modum,
917 2702 1085 2756 rebus
1123 2703 1341 2757 sublata
1374 2701 1655 2756 secundis!

280 2780 461 2832 Turno
497 2782 714 2848 tempus
753 2778 874 2844 erit,
909 2793 1108 2846 magno
1144 2795 1267 2832 cum
1304 2776 1578 2846 optaverit
1614 2780 1864 2846 emptum

280 2856 558 2910 Intactum
599 2855 861 2919 Pallanta,
900 2858 958 2907 et
995 2871 1115 2908 cum
1156 2854 1328 2924 spolia
1360 2853 1469 2907 ista
1503 2853 1765 2922 diemque

279 2931 494 2986 Oderit.
571 2933 651 2985 At
685 2931 818 2984 socii
852 2931 1026 2985 multo
1060 2933 1275 2999 gemitu
1307 2929 1654 2998 lacrimisque
1914 2954 1982 2993 505

282 3009 590 3078 Inpositum
629 3011 784 3060 scuto
818 3005 1063 3061 referunt
1104 3006 1353 3059 Pallanta
1385 3007 1720 3072 frequentes.

281 3085 327 3138 Ο
363 3085 520 3138 dolor
551 3087 720 3152 atque
755 3082 924 3135 decus
959 3099 1217 3150 magnum
1253 3081 1505 3134 rediture
1540 3080 1794 3148 parenti!

282 3161 438 3216 Haec
474 3164 532 3215 te
565 3161 746 3231 prima
781 3155 900 3211 dies
933 3157 1078 3211 bello
1115 3156 1288 3222 dedit,
1324 3155 1458 3209 haec
1492 3154 1687 3210 eadem
1720 3152 1917 3216 aufert,

1972 3279 2111 3360 ‚A
