2163 3401
174 117 236 163 8⁰
644 116 701 164 P.
740 116 839 163 VE
846 115 1047 165 RGILI
1084 114 1418 163 MARONIS

176 193 296 257 Quo
332 194 466 247 fletu
503 194 695 260 Manis,
734 211 843 262 qua
880 194 1120 247 Numina
1153 210 1282 247 voce
1317 198 1598 249 moveret?
1821 209 1904 249 5⁰6

176 271 282 324 Illa
318 270 543 339 quidem
582 271 772 338 Stygia
810 270 977 324 nabat
1015 270 1125 323 iam
1161 269 1363 337 frigida
1399 270 1606 337 cymba.

176 347 399 416 Septem
435 346 589 399 illum
625 351 775 400 totos
811 346 1103 415 perhibent
1139 363 1208 399 ex
1247 346 1439 400 ordine
1473 363 1690 402 menses

176 424 335 491 Rupe
370 423 471 477 sub
510 424 657 477 aeria
696 423 905 477 deserti
943 422 1015 475 ad
1053 423 1358 490 Strymonis
1394 423 1598 477 undam

176 500 430 569 Flevisse,
468 505 526 555 et
562 500 761 568 gelidis
799 499 932 553 haec
972 498 1236 553 evolvisse
1275 499 1375 552 sub
1413 500 1598 567 antris,

175 576 507 630 Mulcentem
544 576 705 643 tigris
742 580 801 629 et
836 579 1094 644 agentem
1129 577 1369 629 carmine
1404 592 1666 644 quercus;
1819 588 1904 629 διο

176 652 358 717 Qualis
392 653 629 722 populea
664 668 913 706 maerens
949 651 1246 721 philomela
1280 651 1383 706 sub
1419 650 1614 707 umbra

178 729 423 783 Amissos
460 730 712 797 queritur
746 729 909 795 fetus,
946 744 1084 796 quos
1121 728 1292 782 durus
1326 733 1510 781 arator

176 804 484 857 Observans
519 805 649 857 nido
686 804 943 873 inplumis
979 804 1225 859 detraxit
1240 826 1255 868 ;
1289 808 1348 858 nt
1383 804 1476 857 illa

176 880 301 934 Flet
336 884 566 949 noctem,
604 897 865 950 ramoque
902 881 1101 934 sedens
1138 880 1448 935 miserabile
1484 885 1718 935 carmen'

176 956 442 1024 Integrat,
479 960 537 1011 et
571 959 796 1011 maestis
832 957 945 1011 late
981 957 1098 1020 loca
1135 956 1420 1026 questibus
1457 956 1647 1025 inplet.
1817 972 1900 1013 51⁵

173 1032 340 1085 Nulla
375 1032 579 1101 Venus,
614 1050 720 1086 non
758 1034 855 1087 ulli
889 1034 1130 1087 animum
1166 1032 1372 1087 flexere
1407 1032 1703 1101 hymenaei.

174 1107 330 1162 Solus
369 1109 755 1177 Hyperboreas
790 1110 989 1177 glacies
1027 1110 1360 1179 Tanaimque
1395 1108 1631 1163 nivalem

176 1185 434 1253 Arvaque
474 1183 733 1253 Rhipaeis
770 1203 1065 1254 numquam
1105 1185 1334 1239 viduata
1368 1184 1577 1255 pruinis

173 1260 487 1326 Lustrabat,
523 1265 741 1329 raptam
782 1262 1090 1331 Eurydicen
1127 1266 1298 1331 atque
1334 1262 1502 1315 inrita
1535 1261 1682 1316 Ditis

172 1334 333 1390 Dona
368 1354 634 1405 querens;
672 1342 890 1407 spretae
932 1338 1193 1393 Ciconum
1231 1355 1339 1407 quo
1375 1354 1601 1392 munere
1637 1340 1844 1391 matres

174 1413 331 1466 Inter
367 1428 523 1467 saera
560 1412 729 1468 deum
767 1415 1130 1483 nocturnique
1167 1416 1321 1483 orgia
1357 1414 1554 1468 Bacchi
1819 1430 1896 1469 521

172 1488 521 1559 Discerptum
560 1490 701 1545 latos
737 1492 989 1546 iuvenem
1028 1508 1279 1561 sparsere
1315 1508 1416 1560 per
1451 1506 1628 1558 agros.

174 1564 311 1620 'sum
350 1584 565 1636 quoque
604 1584 909 1622 marmorea
948 1572 1114 1637 eaput
1150 1584 1184 1623 a
1217 1567 1428 1623 cervice
1466 1567 1736 1621 revolsum

174 1642 407 1711 Gurgite
443 1660 564 1697 cum
602 1643 785 1698 medio
820 1648 1047 1714 portans
1087 1643 1353 1713 Oeagrius
1391 1642 1616 1696 Hebrus

98 1776 105 1783 ,
172 1718 450 1786 Volveret,
490 1720 799 1788 Eurydicen
837 1738 941 1774 vox
978 1721 1098 1790 ipsa
1135 1724 1194 1775 et
1229 1719 1434 1789 frigida
1467 1719 1667 1788 lingua,
1817 1737 1899 1774 535

174 1796 268 1849 Ah
303 1797 557 1850 miseram
599 1797 931 1865 Eurydicen!
972 1799 1154 1852 anima
1188 1798 1435 1866 fugiente
1470 1793 1700 1850 vocabat
1715 1819 1729 1862 ;

172 1871 479 1939 Eurydicen
515 1877 633 1926 toto
669 1874 986 1928 referebant
1022 1874 1244 1928 flumine
1280 1875 1454 1942 ripae.

245 1949 399 2002 Haec
436 1949 685 2015 Proteus,
724 1954 781 2005 et
818 1968 877 2004 se
914 1951 1059 2005 iactu
1096 1950 1254 2004 dedit
1291 1967 1498 2019 aequor
1534 1950 1590 2002 in
1630 1949 1819 2016 altum,

174 2025 401 2094 Quaque
438 2025 609 2093 dedit,
648 2030 992 2096 spumantem
1028 2027 1235 2081 undam
1273 2026 1376 2080 sub
1412 2027 1615 2080 vertice
1647 2025 1824 2080 torsit.

173 2101 255 2154 At
290 2117 398 2156 non
440 2101 681 2169 Cyrene3
717 2119 955 2170 namque
991 2103 1139 2157 ultro
1175 2103 1364 2156 adfata
1398 2103 1712 2156 timentem:
1816 2116 1899 2155 5³0

241 2177 402 2245 Nate,
440 2177 569 2232 licet
605 2178 783 2233 tristis
820 2179 999 2233 animo
1040 2179 1318 2248 deponere
1354 2195 1526 2234 curas.

173 2253 328 2307 Haec
365 2255 538 2308 omnis
576 2253 754 2310 morbi
792 2271 1011 2321 caussa3
1046 2255 1174 2309 hinc
1210 2255 1520 2311 miserabile
1557 2252 1858 2323 Nymphae,

173 2329 309 2383 Cum
344 2330 547 2399 quibus
584 2331 678 2384 illa
714 2331 907 2385 choros
942 2333 1081 2388 lucis
1119 2331 1367 2402 agitabat
1400 2332 1456 2384 in
1493 2331 1632 2400 altis,

172 2406 417 2460 Exitium
454 2407 653 2460 misere
690 2407 901 2475 apibus.
980 2409 1061 2462 Tu
1099 2425 1325 2462 munera
1362 2408 1592 2477 supplex

172 2482 372 2550 Tende,
410 2486 606 2553 petens
642 2499 849 2552 pacem,
888 2487 946 2538 et
982 2485 1155 2538 facilis
1191 2501 1454 2539 venerare
1489 2484 1541 2537 N
1544 2498 1771 2552 apaeas;
1818 2497 1898 2536 5³5

171 2558 425 2630 Namque
462 2559 674 2614 dabunt
711 2560 924 2614 veniam
955 2553 1117 2628 iotis,
1155 2561 1374 2630 irasque
1409 2559 1714 2614 remittent.

172 2636 296 2704 Sed,
336 2637 531 2690 modus
568 2637 761 2691 orandi
797 2637 895 2705 qui
932 2637 1020 2704 sit,
1055 2638 1208 2706 prius
1243 2637 1436 2692 ordine
1473 2635 1668 2690 dicam.

174 2711 448 2775 Quattuor
486 2714 713 2767 eximios
750 2713 1055 2783 praestanti
1093 2729 1320 2783 corpore
1354 2716 1557 2778 tauros,

173 2787 278 2849 Qui
315 2788 417 2841 tibi
452 2805 597 2842 nunc
632 2789 824 2843 viridis
862 2789 1170 2858 depascunt
1205 2805 1418 2844 summa
1455 2786 1666 2857 Lycaei,

171 2861 385 2929 Delige,
423 2867 482 2916 et
514 2863 723 2917 intaeta
758 2865 991 2920 totidem
1028 2866 1242 2921 cervice
1277 2865 1550 2920 iuveneas.
1816 2875 1890 2916 ⁶4⁰

174 2935 447 2997 Quattuor
480 2936 566 2990 his
602 2955 725 2992 aras
760 2941 874 2994 alta
908 2942 981 2994 ad
1018 2941 1251 2995 delubra
1286 2941 1515 2996 dearum

174 3009 473 3078 Constitue,
513 3015 570 3064 et
606 3029 818 3066 sacrum
854 3015 1051 3082 iugulis
1089 3017 1323 3072 demitte
1358 3032 1626 3084 cruorem,

174 3085 526 3155 Corporaque
559 3088 677 3155 ipsa
710 3087 876 3142 boum
912 3092 1170 3148 frondoso
1207 3093 1401 3150 desere
1437 3095 1573 3148 luco,

172 3159 323 3230 Post,
354 3160 450 3215 ubi
483 3178 625 3216 nona
660 3179 783 3217 suos
820 3167 1037 3222 Aurora
1069 3170 1376 3224 ostenderit
1410 3173 1580 3236 ortus,
