2163 3401
188 97 284 143 214
660 97 718 144 P.
758 96 1067 145 VERGILI
1101 98 1432 147 MARONIS

182 179 293 231 Ast
326 191 443 243 ege,
479 192 678 243 magna
715 176 861 230 Iovis
898 177 1149 244 coniunx,
1183 178 1262 231 nil
1297 178 1546 249 linquere
1579 180 1822 237 inausum

184 253 333 317 Quae
367 254 521 322 potui
555 253 760 320 infeliX,
798 270 941 322 quae
976 259 1182 308 memet
1217 256 1274 308 in
1311 258 1494 310 onmia
1525 260 1678 325 verti,

182 330 385 383 Vincor
406 330 478 383 ab
504 332 711 384 Aenea.
786 331 947 395 Quod
970 332 1018 383 si
1044 348 1164 385 mea
1189 333 1412 387 numina
1435 350 1543 387 non
1568 338 1692 389 sunt
1807 347 1881 386 310

182 406 385 475 Magna
416 407 568 473 satis,
604 407 855 461 dubitem
888 407 1038 460 haud
1072 408 1332 475 equidem
1365 410 1637 479 inplorare
1671 410 1811 481 quod

316 502 547 554 usquam
584 488 685 539 est.
1139 530 1146 535 .

180 564 431 617 Flectere
466 562 515 615 si
548 578 759 630 nequeo
796 560 1049 629 SuperOS,
1089 560 1406 614 Acheronta
1438 563 1680 619 moveb0.

182 640 305 695 Non
343 638 565 694 dabitur
599 638 797 705 regnis,
832 642 968 703 este,
1005 637 1300 705 prohibere
1340 638 1561 705 Latinis,

188 721 369 784 Atque
404 717 610 769 inmota
645 717 831 767 manet
864 713 995 766 fatis
1034 713 1262 767 havinia
1299 715 1564 770 coniunx:

186 797 261 847 At
283 793 521 859 trahere,
546 797 715 859 atque
736 807 917 843 moras
941 792 1114 844 tantis
1135 789 1266 844 licet
1290 791 1496 845 addere
1519 792 1721 860 rebu83
1821 808 1885 849 815

182 873 259 923 At
294 870 423 924 licet
457 868 741 922 amborum
774 867 1004 935 populos
1038 867 1361 921 exscindere
1395 884 1604 937 regum.

182 947 301 1000 llac
334 963 507 1015 gener
540 951 706 1015 atque
740 960 894 997 socer
926 947 1123 997 coeant
1158 944 1412 997 mercede
1446 962 1685 1000 suorum.

180 1024 451 1091 Sanguine
486 1023 715 1075 Troiano
750 1026 809 1075 et
846 1020 1053 1074 Rutulo
1091 1020 1370 1089 dotabere,
1405 1021 1574 1089 virge,

182 1100 253 1153 Et
290 1100 517 1153 Bellona
550 1102 737 1151 manet
770 1102 832 1151 te
867 1096 1133 1165 pronuba.
1205 1097 1257 1150 N
1261 1114 1324 1150 ec
1355 1098 1475 1151 face
1508 1102 1733 1153 tantum

180 1176 374 1229 Cisseis
407 1192 711 1243 praegnans
743 1175 883 1241 ignis
918 1173 1081 1227 enixa
1112 1173 1336 1240 iugalis3
1825 1190 1898 1230 sao

182 1253 322 1316 Quin
356 1252 504 1306 idem
542 1251 747 1305 Veneri
782 1256 973 1319 partus
1010 1268 1138 1303 suus
1175 1255 1234 1304 et
1273 1250 1428 1304 Paris
1463 1252 1620 1319 alter,

184 1331 564 1397 Funestaeque
597 1328 799 1381 iterum
835 1327 1074 1381 recidiva
1109 1328 1165 1381 in
1203 1328 1474 1395 Pergama
1507 1328 1724 1383 taedae.

252 1408 406 1463 Haec
439 1406 534 1460 ubi
570 1405 717 1459 dicta
754 1404 924 1472 dedit,
960 1407 1142 1457 terras
1179 1404 1452 1457 horrenda
1487 1404 1718 1472 petivit:

182 1484 500 1539 Luctificam
536 1482 753 1537 Allecto
788 1481 1035 1534 dirarum
1072 1480 1146 1533 ab
1181 1480 1312 1533 sede
1349 1479 1574 1533 dearum

182 1561 531 1630 Infernisque
564 1559 676 1613 ciet
711 1557 974 1625 tenebris,
1014 1557 1102 1611 cui
1137 1557 1322 1609 tristia
1356 1556 1500 1610 bella
1835 1569 1906 1609 323

185 1638 419 1706 Iraeque
451 1636 789 1705 insidiaeque
826 1637 883 1688 et
918 1634 1146 1687 crimina
1180 1634 1343 1686 noxia
1377 1633 1543 1687 cordi.

185 1715 319 1768 Odit
355 1718 413 1769 et
448 1715 567 1783 ipse
600 1719 759 1782 pater
795 1711 1008 1778 Pluton,
1045 1710 1214 1764 odere
1251 1725 1464 1764 sorores

184 1793 479 1846 Tartareae
514 1793 848 1844 monstrum:
884 1792 972 1842 tot
1006 1805 1130 1842 sese
1165 1787 1336 1840 vertit
1374 1788 1430 1840 in
1466 1804 1573 1851 ora,

186 1869 318 1922 Tam
354 1884 548 1922 saevae
580 1867 760 1934 facieS,
794 1867 883 1918 tot
916 1863 1152 1933 pullulat
1185 1867 1309 1917 atra
1343 1864 1590 1918 colubris,
1661 1870 1668 1873 '

187 1946 361 2010 Quam
400 1945 539 2000 Iuno
574 1943 661 1996 his
694 1941 843 1996 acuit
874 1940 1073 2008 vei-bie,
1109 1957 1173 1994 ac
1207 1940 1340 1993 talia
1374 1941 1547 1994 fatur:
1825 1957 1900 1998 seo

188 2022 351 2075 Hunc
384 2020 519 2074 mihi
554 2020 629 2074 da
662 2018 958 2087 proprium,
994 2018 1148 2084 virgo
1183 2020 1306 2070 sata
1341 2017 1392 2068 N
1395 2021 1530 2084 octe,
1565 2016 1831 2087 laborem,

189 2099 350 2152 Hanc
385 2114 621 2166 operam,
657 2113 729 2150 ne
762 2097 951 2148 noster
984 2093 1157 2147 honos
1191 2093 1489 2146 infractave
1523 2093 1690 2147 cedat

189 2177 359 2234 Fama
393 2176 526 2242 1000,
560 2191 669 2227 neu
703 2171 983 2228 connubiis
1018 2171 1231 2224 ambire
1270 2170 1525 2223 Latinum
1544 2210 1556 2222 .

190 2253 486 2308 Aeneadae
518 2251 745 2320 possint,
780 2246 1021 2302 Italosve
1058 2246 1312 2300 obsidere
1348 2245 1480 2300 finis.

190 2331 271 2384 Tu
307 2333 465 2399 potes
498 2327 780 2382 unanimos
816 2341 1029 2379 armare
1064 2324 1122 2378 in
1155 2323 1365 2394 proelia
1396 2323 1596 2375 fratres
1828 2339 1904 2380 ³35

194 2410 383 2476 Atque
419 2405 555 2459 odiis
588 2421 809 2458 versare
844 2403 1047 2464 domOS,
1085 2404 1150 2454 tu
1184 2399 1418 2454 verbera
1453 2399 1615 2452 tectis

192 2484 577 2558 Funcreasque
610 2481 813 2534 inferre
848 2481 1008 2546 faces,
1048 2477 1152 2530 tibi
1185 2477 1406 2530 nomina
1439 2475 1604 2542 mille,

192 2561 344 2616 Mille
380 2558 609 2614 nocendi
644 2561 805 2611 artes.
882 2554 1200 2609 Fecundum
1237 2557 1467 2608 concute
1497 2555 1708 2620 pectus,

193 2637 394 2692 Disiice
432 2635 769 2704 conpositam
800 2647 1003 2702 pacem,
1040 2647 1162 2684 sere
1197 2630 1424 2683 crimina
1454 2627 1615 2693 belli;

180 2714 369 2780 „Arma
401 2713 535 2767 velit
570 2714 869 2780 poscatque
905 2706 1081 2773 simul,
1119 2707 1406 2775 rapiatque
1437 2705 1708 2758 iuventus,
1831 2710 1908 2750 81²

264 2790 404 2842 Exin
442 2788 743 2855 Gorgoneis
782 2787 999 2840 Allecto
1034 2783 1240 2837 infecta
1271 2781 1522 2854 venenis⁴

195 2863 470 2930 Principio
508 2864 725 2916 Latium
760 2867 819 2916 et
855 2859 1146 2914 Laurentis
1179 2862 1330 2913 tecta
1364 2857 1580 2928 tyranni

196 2938 355 2989 Celsa
389 2937 547 3000 petit,
582 2937 922 3004 tacitumque
958 2934 1176 2989 obsedit
1210 2934 1376 2989 limen
1414 2936 1671 3002 Amatae,

197 3010 371 3071 Quam
408 3021 573 3071 super
605 3008 847 3062 adventu
883 3011 1153 3063 Teucrum
1189 3011 1467 3079 Turnique
1500 3011 1820 3079 hymenaeis

197 3079 486 3132 Femineae
520 3079 807 3143 ardentem
842 3099 1113 3150 curaeque
1147 3085 1374 3154 iraeque
1409 3087 1738 3153 coquebant.
1842 3099 1916 3140 ³ss

197 3150 343 3204 Huic
379 3151 484 3203 dea
518 3151 779 3203 caeruleis
816 3170 983 3206 unum
1019 3157 1092 3210 de
1127 3159 1366 3214 crinibus
1402 3177 1640 3228 anguem
