2163 3401
1207 0 1716 42 ‘W

763 97 1133 146 AENEIDOS
1176 98 1313 147 LIB.
1356 99 1457 146 IV.
1878 103 1971 151 143

243 179 339 232 Sic
377 178 545 232 effata
579 177 761 231 sinum
795 176 1033 231 lacrimis
1070 178 1299 248 inplevit
1336 178 1558 236 obortis.
1575 175 1627 241 Ο
1922 199 1975 240 ao

321 255 488 308 Anna
522 254 721 308 refert:
760 253 807 307 Ο
844 254 966 308 luce
1003 255 1179 322 magis
1222 255 1421 310 dilecta
1456 259 1643 328 sorori,

245 331 451 385 Solane
485 334 758 400 perpetua
791 347 1044 385 maerens
1083 348 1309 400 carpere
1346 332 1582 402 iuventa,

244 408 300 460 N
303 423 367 462 ec
407 408 584 461 dulcis
618 412 792 475 natos,
832 407 1066 461 Veneris
1104 424 1204 462 nec
1242 409 1489 478 praemia
1524 412 1707 467 noris?

246 483 322 537 Id
357 483 600 538 cinerem
635 488 734 538 aut
773 484 952 537 Manis
990 484 1169 537 credis
1209 501 1405 538 curare
1443 487 1725 554 sepultos?

243 561 412 615 Esto:
447 577 670 628 aegram
707 561 839 613 nulli
877 561 1153 629 quondam
1195 561 1399 614 flexere
1436 564 1629 630 mariti,
1916 583 1965 624 85

242 637 299 690 N
303 653 374 691 on
413 635 628 706 Libyae,
664 654 773 690 non
810 641 939 691 ante
977 638 1149 706 Tyr03
1186 637 1479 706 despectus
1518 639 1709 694 Iarbas

243 715 630 783 Ductor-esque
665 714 770 780 alii,
808 732 948 784 quos
988 715 1181 768 Africa
1218 719 1367 768 terra
1404 716 1697 785 triumphis

244 790 417 842 Dives
451 790 582 843 alit:
615 791 886 858 placitone
923 792 1089 845 etiam
1128 791 1395 862 pugnabis
1430 794 1633 847 amori?

242 867 296 919 N
300 883 364 919 ec
401 866 552 921 venit
588 867 642 919 in
679 872 934 934 mentem,
975 885 1206 936 quorum
1246 868 1555 922 consederis
1592 871 1767 923 arvis?

243 943 396 996 Hinc
435 942 702 996 Gaetulae
737 944 917 1012 urbes,
955 961 1129 1014 genus
1165 944 1531 1013 insuperabile
1566 945 1725 1012 belle,
1918 962 1967 1000 ω

245 1020 319 1073 Et
357 1019 634 1073 Numidae
669 1019 866 1074 infreni
905 1022 1132 1088 cingunt
1170 1024 1228 1074 et
1263 1020 1536 1088 inhospita
1572 1020 1781 1088 Syrtis3

245 1096 396 1150 Hinc
433 1096 657 1150 deserta
693 1096 784 1150 siti
821 1098 985 1165 regio,
1024 1097 1245 1168 lateque
1281 1097 1526 1151 furentes

241 1172 490 1226 Barcaei.
565 1172 711 1238 Quid
747 1173 891 1227 bella
929 1174 1066 1242 Tyro
1106 1175 1386 1241 surgentia
1421 1174 1611 1241 dicam,

241 1248 619 1318 Germanique
656 1249 862 1304 minas?

241 1325 344 1378 Dis
380 1325 640 1394 equidem
678 1326 984 1394 auspicibus
1021 1343 1147 1379 reor
1182 1331 1241 1380 et
1280 1328 1489 1381 Iunone
1525 1329 1767 1382 secunda
1915 1343 1965 1382 45

241 1401 412 1456 Hunc
446 1417 668 1455 cursum
709 1401 902 1455 Iliacas
939 1406 1107 1455 vento
1141 1403 1383 1456 tenuisse
1422 1404 1645 1456 carinas,

241 1480 420 1544 Quam
446 1482 512 1532 tu
535 1478 746 1546 urbem,
771 1495 938 1544 soror,
964 1478 1105 1532 hanc
1130 1495 1333 1546 cerneS,
1360 1495 1500 1545 quae
1528 1495 1753 1547 surgere
1776 1496 1947 1548 regna

239 1556 510 1622 Coniugio
544 1553 670 1609 tali!
693 1549 985 1608 -Teucrum'
1022 1552 1410 1608 comitantibus
1447 1555 1610 1607 armis

239 1632 448 1685 Punica
486 1648 546 1684 se
582 1633 802 1700 quantis
839 1631 1056 1684 attollet
1092 1631 1268 1699 gloria
1302 1629 1492 1685 rebus!

237 1709 322 1762 'ru
357 1709 524 1763 modo
559 1726 724 1778 posce
761 1708 892 1762 deos
932 1710 1159 1775 veniam,
1201 1708 1476 1776 sacrisque
1514 1710 1682 1764 litatis
1914 1726 1963 1765 50

240 1786 479 1854 Indulge
512 1785 765 1855 hospitio,
801 1801 1130 1855 caussasque
1168 1785 1385 1839 innecte
1420 1786 1681 1853 morandi,

236 1863 386 1916 Dum
421 1863 618 1931 pelage
655 1863 900 1916 desaevit
935 1862 1148 1931 hiemps
1188 1865 1245 1915 et
1282 1879 1516 1931 aquosus
1557 1862 1741 1933 Orion,

236 1940 655 2008 Quassataeque
689 1942 853 2007 rates,
891 1939 1022 1991 dum
1061 1956 1169 1992 non
1206 1937 1496 1993 tractabile
1532 1939 1754 1995 caelum.

308 2016 418 2069 His
455 2016 618 2070 dictis
654 2016 933 2070 incensum
969 2015 1210 2068 animum
1248 2014 1605 2069 inflammavit
1640 2032 1841 2083 amore,

235 2094 518 2162 Spemque
555 2092 715 2146 dedit
752 2091 950 2145 dubiae
987 2092 1175 2159 menti,
1216 2090 1487 2160 solvitque
1523 2092 1802 2159 pudorem.
1910 2107 1962 2145 σε

237 2170 515 2239 Principio
553 2170 784 2223 delubra
823 2169 1041 2235 adeunt,
1081 2184 1386 2237 pacemque
1422 2184 1523 2236 per
1559 2184 1681 2220 aras

234 2246 584 2314 Exquirunt3
619 2248 864 2299 mactant
901 2244 1070 2297 lectas
1112 2244 1182 2298 de
1218 2260 1369 2297 more
1406 2243 1647 2296 bidentis

235 2322 526 2391 Legiferae
566 2322 754 2376 Cereri
794 2320 1129 2389 Phoeboque
1166 2320 1423 2389 patrique
1463 2320 1656 2388 Lyae0,

234 2400 437 2453 Iunoni
473 2404 603 2453 ante
639 2398 829 2467 omnis,
865 2398 952 2452 cui
991 2398 1165 2450 vincla
1202 2396 1403 2465 iugalia
1438 2412 1611 2449 curae.

233 2477 385 2547 Ipsa,
421 2479 618 2530 tenens
654 2475 852 2529 dextra
886 2477 1151 2543 pateram,
1190 2472 1557 2541 pulcherrima
1593 2471 1737 2524 Dido
1914 2486 1963 2525 oo

231 2553 542 2608 Candentis
578 2569 775 2607 vaccae
810 2550 993 2605 media
1029 2550 1178 2603 inter
1215 2565 1417 2601 cornua
1450 2547 1649 2614 fundit,

231 2632 358 2685 Aut
395 2634 525 2684 ante
561 2646 658 2684 ora
693 2630 860 2682 deum
895 2627 1113 2697 pinguis
1154 2625 1424 2695 spatiatur
1460 2624 1531 2675 ad
1567 2641 1703 2691 aras,

231 2706 630 2776 Iustam-atque
666 2706 814 2759 diem
852 2705 1022 2773 donis»,
1061 2702 1444 2772 pecudumque
1482 2699 1708 2753 reclusis

229 2782 559 2837 Pectoribus
591 2783 810 2836 inhians
847 2781 1109 2849 spirantia
1145 2776 1375 2832 consulit
1412 2779 1555 2829 exta·

231 2859 367 2913 Heu
404 2862 594 2913 vatum
627 2860 851 2927 ignarae
887 2860 1127 2911 mentes!
1170 2853 1302 2923 quid
1338 2856 1466 2906 vota
1498 2853 1790 2919 furentem,
1912 2865 1959 2904 σε

232 2935 384 3001 Quid
421 2934 656 2989 delubra
689 2936 912 2990 iuvant?
988 2932 1089 2985 Est
1124 2930 1299 2984 mollis
1336 2929 1555 2982 flamma
1588 2927 1857 2982 medullas

237 3012 482 3079 interea,
519 3015 578 3065 et
612 3012 844 3066 tacitum
879 3010 1014 3063 vivit
1051 3008 1153 3061 sub
1187 3010 1411 3075 pectore
1447 3005 1654 3057 volnus.

234 3089 439 3143 Uritur
472 3088 668 3142 infelix
703 3087 850 3141 Dido
885 3088 1119 3151 totaque
1156 3083 1387 3147 vagatur

233 3158 394 3220 Urb‘e
427 3165 634 3234 furens,
669 3163 846 3233 qualis
881 3159 1130 3215 coniecta
1164 3170 1323 3209 cerva
1358 3155 1579 3222 sagitta,
