2163 3401
833 104 1197 152 AENEmos
1234 104 1373 154 Lm.
1414 105 1481 154 V.
1572 168 1581 174 ‚
1864 109 1955 160 177

246 182 514 248 Ducebat,
551 182 628 235 sic
663 198 789 235 acer
824 199 962 250 equo
997 183 1223 237 turbata
1256 186 1451 252 petivit

245 259 456 322 Castra,
491 274 594 311 uec
631 258 908 312 exanimes
941 263 1173 327 possunt
1210 262 1451 316 retinere
1487 263 1749 332 magistri.

244 335 388 398 Quis·
397 334 556 388 furor
580 335 689 389 iste
713 337 916 390 novus?
946 352 1057 404 quo
1079 353 1238 402 nunc,
1264 355 1375 406 quo
1398 340 1643 408 tenditis,
1665 341 1861 412 inquit,
1883 356 1957 398 m

243 411 372 465 Heu
408 411 646 465 miserae
681 413 858 465 cives?
901 429 1009 465 non
1045 413 1263 468 hostem
1298 415 1623 485 inimicaque
1657 421 1841 472 castra

239 488 526 556 Argivom,
564 491 776 541 vestras
813 505 936 557 spes
969 489 1146 543 uritis.
1217 491 1314 560 En,
1350 509 1453 561 ego
1489 497 1675 548 vester

241 565 515 619 Ascanius
532 565 831 632 2—-galeam
864 567 996 619 ante
1029 565 1202 634 pedes
1236 567 1471 636 proiecit
1503 570 1739 641 inanem,

239 641 362 706 Qua
396 639 532 695 ludo
565 640 792 694 indutus
826 640 957 695 belli
994 643 1285 698 simulacra
1317 645 1515 701 ciebat.

240 718 546 772 Adcelerat
581 716 741 770 simul
780 718 1015 784 Aeneas,
1049 719 1211 772 simul
1246 722 1465 789 agmina
1500 723 1783 780 Teucrum.
1878 740 1955 782 ωε

236 797 350 849 Ast
383 794 514 848 illae
550 792 770 847 diversa
803 797 958 847 metu
991 811 1095 864 per
1128 794 1295 850 litora
1325 799 1528 866 passim
1722 793 1734 804 “

237 871 565 939 Diffugiunt,
599 869 871 938 silvasque
905 872 966 925 et
999 871 1174 925 sicubi
1208 887 1443 928 concava
1475 875 1669 930 furtim

235 949 384 1002 Saxa
415 950 645 1017 petunt3
687 946 841 1016 piget
874 947 1078 1016 incepti
1114 948 1377 1020 lucisque,
1413 967 1651 1020 suosque

233 1024 492 1078 Mutatae
527 1022 883 1091 adgnoscunt,
919 1040 1257 1094 excussaque
1292 1030 1519 1096 pectore
1553 1028 1695 1084 Iuno
1729 1031 1830 1085 est.

233 1100 348 1155 Sed
383 1116 495 1153 non
529 1099 733 1153 idcirco
769 1099 1022 1154 fiammae
1054 1105 1227 1171 atque
1261 1103 1515 1159 incendia
1548 1105 1683 1160 viris
1874 1122 1951 1162 oeo

233 1177 549 1231 Indomitas
583 1193 846 1245 posuere3
887 1177 1000 1230 udo
1035 1177 1141 1232 sub
1175 1179 1373 1234 robore
1406 1180 1545 1238 vivit

231 1246 452 1316 Stuppa
487 1263 707 1305 vomens
743 1247 964 1301 tardum
1000 1247 1227 1315 fumum,
1263 1249 1554 1320 lentusque
1588 1251 1799 1307 carinas

229 1323 335 1378 Est
369 1340 555 1392 vapor,
592 1326 652 1377 et
681 1326 807 1378 „toto
842 1323 1133 1378 descendit
1168 1341 1395 1395 corpore
1430 1329 1617 1397 pestis,

228 1400 282 1454 N
285 1417 351 1454 cc
387 1400 534 1454 vires
565 1399 793 1453 heroum
827 1399 1115 1468 infusaque
1150 1401 1373 1456 flumina
1406 1417 1649 1472 prosunt.

229 1476 371 1530 Tum
406 1475 531 1545 pius
569 1478 788 1530 Aeneas
821 1476 1066 1530 humeris
1104 1477 1423 1533 abscindere
1455 1484 1685 1548 vestem,
1871 1497 1945 1536 ess

227 1552 572 1622 Auxilioque
605 1567 798 1606 vocare
833 1552 982 1620 deos,
1019 1557 1081 1607 et
1114 1554 1351 1608 tendere
1384 1555 1620 1623 palmas:

230 1629 492 1700 Iuppiter
524 1629 878 1698 omnipotens,
915 1630 963 1682 si.
996 1630 1241 1684 nondum
1277 1645 1477 1684 exosus
1511 1631 1585 1685 ad
1619 1647 1788 1686 unum

228 1707 508 1773 Troianos,
541 1706 589 1760 si
624 1706 760 1775 quid
793 1707 974 1776 pietas
1007 1707 1235 1776 antiqua
1269 1707 1487 1762 labores

228 1783 481 1854 Respicit
514 1783 795 1850 humanos,
832 1782 904 1836 da
937 1782 1214 1837 flammam
1250 1783 1485 1838 evadere
1519 1785 1678 1839 classi

226 1860 406 1928 Nunc,
445 1860 632 1926 Pater,
669 1863 730 1914 et
761 1860 944 1914 tenuis
981 1860 1252 1913 Teucrum
1286 1876 1379 1914 res
1413 1860 1567 1931 eripe
1602 1863 1728 1916 loto,
1869 1878 1943 1917 eoo

229 1937 334 1993 Vel
371 1941 452 2006 tu,
491 1936 640 2005 quod
673 1940 940 2005 superest,
974 1936 1175 1990 infesto
1207 1935 1435 1991 fulmine
1469 1938 1648 2007 morti,

224 2015 284 2069 Si
317 2030 556 2081 mereor,
591 2012 840 2081 demitte,
873 2017 1084 2082 tuaque
1117 2012 1208 2067 hic
1242 2012 1414 2067 obrue
1448 2014 1661 2069 dextra.

224 2091 336 2145 Vix
372 2091 512 2145 haec
545 2090 814 2157 ediderat,
850 2106 972 2144 cum
1008 2090 1193 2143 effusis
1227 2089 1498 2144 imbribus
1531 2094 1655 2146 atra

222 2167 551 2237 Tempestas
585 2167 700 2220 sine
734 2182 884 2220 more
921 2166 1072 2234 furit,
1109 2166 1434 2236 tonitruque
1469 2171 1805 2223 tremescunt

223 2244 425 2300 Ardua
461 2248 735 2298 terrarum
769 2246 829 2297 et
863 2243 1073 2311 campi;
1112 2244 1226 2298 ruit
1259 2244 1487 2297 aethere
1520 2246 1643 2297 toto
1865 2262 1941 2301 ωε

221 2320 504 2376 Turbidus
540 2320 718 2374 imber
751 2332 898 2389 aqua
932 2319 1230 2389 densisque
1265 2319 1595 2387 nigerrimus
1628 2322 1861 2390 austris3

223 2398 630 2466 Inplenturque
665 2412 831 2465 super
862 2414 1107 2467 puppes3
1146 2398 1409 2451 semiusta
1442 2396 1766 2453 madescunt

221 2474 479 2540 Robora3
523 2474 824 2528 restinctus
859 2473 1034 2529 donec
1070 2491 1241 2544 vapor
1276 2475 1465 2544 omnia
1499 2477 1559 2530 et
1592 2490 1796 2543 omnes,

219 2550 504 2616 Quattuor
538 2552 766 2617 amissis,
803 2555 1052 2605 servatae
1088 2568 1123 2605 a
1154 2555 1313 2620 peste
1348 2552 1577 2607 carinae.

288 2630 378 2682 At
411 2631 574 2696 pater
611 2628 846 2696 Aeneas„
882 2644 1013 2682 casu
1048 2644 1341 2683 concussus
1376 2628 1586 2696 acerbo,
1865 2642 1939 2683 τοο

217 2706 386 2761 Nunc
420 2704 530 2759 huc
563 2704 818 2773 ingentis,
853 2721 998 2758 nunc
1032 2704 1163 2759 illuc
1198 2710 1421 2775 pectore
1456 2722 1614 2759 curas

215 2780 486 2837 Mutabat
519 2796 759 2849 versans,
797 2781 1064 2836 Siculisne
1101 2783 1372 2837 resideret
1405 2783 1566 2850 arvis,

214 2856 448 2913 Oblitus
481 2858 736 2928 fatorum,
775 2859 1018 2913 Italasne
1055 2862 1368 2928 capesseret
1403 2874 1540 2912 oras.

213 2936 361 2991 Tum
397 2936 578 2990 senior
619 2936 847 3004 Nautes,
879 2952 1050 2989 unum
1088 2936 1335 2989 Tritonia
1372 2935 1553 2987 Pallas

214 3013 400 3079 Quem
439 3013 626 3067 docuit
660 3014 947 3081 multaque
983 3012 1251 3077 insignem
1286 3009 1535 3063 reddidit
1570 3012 1762 3061 arte—
1862 3017 1941 3060 Μ

213 3090 382 3145 Haec
418 3106 684 3158 responsa
718 3088 903 3155 dabat,
937 3086 1026 3141 vel
1063 3101 1207 3155 quae
1239 3083 1599 3153 portenderet
1632 3083 1717 3133 ira

215 3166 436 3234 Magna
469 3165 655 3232 deum,
689 3163 780 3218 vel
814 3174 958 3231 quae
989 3161 1234 3213 fatorum
1266 3159 1522 3227 posceret
1554 3154 1760 3207 ordo-
