2163 3401
810 125 1176 175 AENEIDOS
1209 126 1348 176 LIB.
1385 127 1483 176 VI.
1903 129 1998 177 205

294 208 407 263 Sed
441 224 552 261 nox
585 211 711 262 atra
744 210 907 275 mput
940 208 1092 262 tristi
1127 209 1480 264 circumvolat
1514 212 1724 265 umbra.
1925 226 2002 265 ωε

292 284 431 338 Tum
464 287 629 353 pater
666 283 948 350 Anchises,
985 284 1222 339 lacrimis
1257 285 1532 354 ingressus
1568 286 1804 341 obortis:

292 359 339 414 Ο
376 364 560 429 gnate,
596 361 875 428 ingentem
909 359 1118 414 luctum
1153 377 1222 413 ne
1258 378 1460 431 quaere
1495 367 1745 428 tuorum3

291 434 606 491 Ostendent
640 435 806 490 terris
841 435 985 489 hunc
1019 440 1236 491 tantum
1271 438 1400 507 fata,
1435 455 1614 508 neque
1646 439 1794 493 ultra

290 512 430 566 Esse
466 513 657 567 sinent.
730 512 973 565 Nimium
1010 511 1164 565 vobis
1203 512 1450 569 Romana
1485 532 1728 585 propago
1926 528 1999 570 ⁸70

291 587 431 642 Visa
463 592 673 656 potens,
713 588 925 657 Superi,
959 589 1184 657 propria
1219 588 1352 643 haec
1389 590 1435 643 si
1473 589 1616 646 dona
1649 592 1896 645 fuissent.

291 665 540 729 Quantos
575 665 669 720 ille
701 664 879 719 virum
916 680 1172 733 magnam
1207 665 1474 721 Mavortis
1508 667 1582 721 ad
1612 666 1810 720 urbem

291 742 535 810 Campus
568 745 697 809 aget
730 739 996 809 gemitus!
1034 740 1122 794 vel
1159 757 1314 809 quae,
1352 742 1620 811 Tiberine,
1656 741 1869 797 videbis

292 817 527 885 Funera,
564 835 689 872 cum
724 818 993 871 tumulum
1028 818 1438 887 praeterlabere
1468 822 1775 874 recentem!

290 894 343 946 N
347 910 413 957 ec
446 910 586 963 puer
623 894 789 948 iliaca
824 894 1113 962 quisquam
1149 893 1221 947 de
1255 900 1423 962 gente
1461 896 1686 949 Latinos
1923 908 1997 949 875

292 970 361 1023 In
397 974 614 1025 tantum
651 988 747 1039 spe
782 970 941 1025 tollet
976 986 1120 1037 avos,
1155 986 1258 1024 nec
1294 971 1526 1026 Romula
1561 971 1836 1039 quondam

290 1046 420 1101 Uno
457 1064 518 1101 se
552 1050 769 1101 tantum
805 1046 969 1101 tellus
1002 1046 1232 1101 iactabit
1265 1047 1494 1102 alumno.

292 1122 423 1177 Heu
457 1124 649 1192 pietas,
685 1124 795 1179 hcu
830 1124 1011 1193 prisea
1043 1122 1200 1190 fides,
1235 1122 1547 1194 invictaque
1581 1124 1727 1180 bello

292 1198 561 1254 Dextera!
599 1217 707 1253 non
742 1200 819 1255 illi
857 1216 916 1253 se
951 1200 1238 1269 quisquam
1273 1200 1474 1269 inpune
1508 1202 1729 1256 tulisset

293 1275 501 1331 Obvius
534 1280 761 1345 armate,
794 1292 892 1330 seu
928 1292 1053 1329 cum
1089 1275 1260 1345 pedes
1293 1277 1403 1330 iret
1437 1277 1494 1330 in
1531 1276 1760 1345 hostem,
1919 1292 1995 1331 seo

292 1352 403 1407 Seu
436 1354 739 1421 spumantis
774 1353 903 1421 equi
936 1352 1156 1407 foderet
1191 1352 1490 1407 calcaribus
1525 1370 1722 1408 armos.

293 1429 437 1496 Heu,
472 1428 780 1483 miserande
814 1433 979 1499 puer!
1020 1428 1065 1481 si
1103 1443 1212 1497 qua
1244 1429 1359 1483 fata
1394 1445 1590 1497 aspera
1625 1446 1860 1499 rumpas,

293 1505 374 1559 'su
410 1505 703 1559 Marcellus
737 1505 858 1561 eris.
932 1505 1192 1558 Manibus
1228 1505 1359 1558 date
1393 1504 1507 1558 lilia
1540 1505 1731 1574 plenis,

293 1580 605 1651 Purpureos
642 1597 894 1650 spargam
928 1581 1106 1646 flores,
1143 1581 1486 1649 animamque
1521 1581 1738 1649 nepotis

294 1657 400 1713 His
435 1658 631 1714 saltem
666 1657 1008 1714 adcumulem
1044 1658 1217 1725 donis,
1261 1660 1318 1711 et
1351 1656 1549 1725 fungar
1581 1658 1727 1712 inani
1917 1666 1992 1712 sss

294 1735 703 1791 Munere—Sic
738 1739 859 1790 tota
891 1735 1098 1804 passim
1134 1733 1358 1803 regione
1393 1737 1662 1802 vagantur

293 1813 457 1866 Acris
491 1813 549 1866 in
582 1813 788 1881 eampis
822 1812 966 1879 latis,
1000 1814 1170 1880 atque
1204 1811 1384 1866 omnia
1417 1810 1666 1866 lustrant.

296 1888 444 1954 Quae
479 1893 770 1958 postquam
807 1888 1078 1942 Anchises
1113 1893 1303 1943 natum
1337 1904 1438 1957 per
1474 1887 1684 1957 singula
1718 1886 1895 1956 duxit,

295 1965 654 2034 Incenditque
688 1967 927 2020 animum
959 1966 1140 2019 famae
1172 1963 1444 2020 venientis
1476 1981 1676 2034 amore,

293 2041 433 2095 Exin
469 2041 614 2096 bella
646 2043 764 2096 viro
798 2044 1069 2096 memorat
1105 2057 1246 2110 quae
1282 2040 1484 2096 deinde
1518 2041 1776 2110 gerenda,
1916 2056 1991 2096 eso

292 2116 689 2186 Laurentisque
725 2118 887 2173 docet
922 2117 1152 2187 populos
1187 2117 1491 2186 urbemque
1527 2117 1726 2186 Latini,

290 2191 364 2248 Et
398 2210 510 2262 quo
544 2210 819 2263 quemque
853 2193 1016 2248 mode
1050 2193 1334 2262 fugiatque
1371 2192 1622 2262 feratque
1657 2193 1916 2248 laborem.

358 2269 502 2324 Sunt
534 2271 785 2338 geminae
820 2269 1002 2324 Somni
1038 2273 1249 2340 portae,
1287 2285 1518 2338 quarum
1555 2268 1730 2323 altera
1763 2269 1942 2324 fertur

290 2345 515 2415 Cornea,
551 2363 662 2416 qua
696 2347 839 2400 veris
873 2346 1045 2400 facilis
1081 2345 1249 2400 datur
1284 2344 1464 2399 exitus
1499 2345 1754 2411 Umbris;

290 2422 489 2476 Altera
520 2423 778 2478 candenti
811 2423 1055 2492 perfecta
1090 2422 1271 2477 nitens
1306 2421 1610 2491 elephante,
1915 2437 1990 2477 sss

288 2497 401 2553 Sed
435 2499 575 2553 falsa
608 2498 681 2553 ad
716 2499 926 2554 caelum
962 2499 1192 2553 mittunt
1227 2499 1492 2553 insomnia
1527 2499 1734 2554 Manes.

289 2575 396 2628 His
430 2574 528 2627 ubi
562 2579 683 2628 tum
718 2580 909 2629 natum
946 2574 1217 2628 Anchises
1251 2592 1469 2643 unaque
1506 2574 1766 2643 Sibyllam

290 2651 653 2719 Prosequitur
686 2651 865 2718 dietis,
900 2654 1173 2720 portaque
1209 2651 1415 2705 emittit
1450 2650 1670 2717 eburna,

291 2726 391 2781 Ille
426 2727 571 2781 viam
606 2731 756 2782 secat
790 2728 863 2782 ad
897 2726 1049 2781 navis
1086 2726 1367 2795 sociosque
1402 2727 1616 2781 revisit:

290 2802 424 2858 'Pum
460 2819 520 2857 se
555 2803 629 2857 ad
665 2803 887 2858 Caietae
922 2807 1074 2858 reete
1107 2803 1222 2856 fert
1255 2801 1417 2856 litore
1451 2810 1684 2871 portum.
1914 2816 1988 2857 ooo

289 2880 513 2935 Ancora
544 2878 619 2934 de
652 2895 817 2950 prora
847 2879 1044 2935 iacitur
1059 2899 1088 2958 ς,
1111 2882 1262 2934 stant
1295 2878 1456 2934 litore
1488 2893 1712 2948 puppes.
