2163 3401
735 91 1104 150 ‘AENEIDos
1138 103 1278 151 Lm.
1318 102 1425 150 111.
1845 103 1937 151 133

235 184 402 252 Signa
436 183 550 238 tibi.
573 183 781 248 dicam3
820 187 884 238 tu
919 182 1141 238 condita
1176 186 1363 238 mente
1396 186 1617 239 teneto:

232 260 368 313 Cum
405 259 505 313 tibi
542 259 773 314 sollicito
809 259 1006 314 secreti
1043 260 1117 314 ad
1152 260 1404 314 fluminis
1423 259 1628 313 undam

231 335 463 391 Litoreis
497 337 692 402 ingens
727 336 949 390 inventa
985 336 1088 390 sub
1124 335 1337 390 ilicibus
1374 352 1465 389 sus
1868 353 1941 393 seo

229 413 479 480 Triginta
513 412 754 480 capitum
790 412 937 466 fetus
973 412 1135 465 enixa
1169 412 1386 480 iacebit,

229 487 392 555 Alba,
433 489 547 541 solo
585 487 878 553 recubans,-
903 488 1015 542 albi
1046 489 1257 542 circum
1290 488 1463 542 ubera
1496 491 1629 556 nati,

229 566 288 619 Is
323 565 471 618 locus
505 563 660 618 urbis
696 565 818 631 crit,
853 565 1074 632 requies
1092 581 1177 618 ea
1210 567 1365 617 certa
1398 564 1660 618 laborum.

226 641 277 694 N
283 659 346 694 cc
381 646 442 695 tu
479 658 789 695 mensarum
827 658 1039 696 morsus
1074 640 1331 694 horresce
1367 642 1603 696 futuros:

225 717 367 770 Fata
405 717 547 770 viam
584 716 864 771 invenient
898 716 1194 786 aderitque
1228 721 1453 770 vocatus
1490 717 1706 786 Apollo.¹
1872 731 1942 771 ³95

227 793 347 846 Has
384 796 570 848 autem
608 796 804 859 terras,
847 793 1087 862 Italique
1122 792 1263 846 hanc
1296 792 1477 845 litoris
1510 809 1676 860 oram,

226 870 501 922 Proxuma
536 871 678 937 quae
714 868 888 922 nostri
923 868 1275 936 perfunditur
1310 869 1561 936 aequoris
1594 871 1766 934 aestu,

224 945 448 1013 Effuge3
485 949 680 999 cuneta
715 945 876 998 malis
911 945 1237 998 habitantur
1270 944 1487 997 moenia
1523 943 1716 998 Graiis,

224 1021 334 1074 Hic
369 1027 427 1075 ct
463 1020 685 1088 Narycii
720 1024 1025 1089 posuerunt
1059 1021 1277 1073 moenia
1313 1019 1485 1086 Locri,

223 1099 297 1151 Et
334 1097 660 1151 Sallentinos
697 1096 916 1150 obsedit
951 1096 1129 1150 milite
1164 1113 1385 1165 campos
1868 1106 1941 1151 400

223 1173 444 1242 L5ctius
482 1173 842 1237 Idomeneus3
883 1173 972 1227 hic
1006 1173 1102 1226 illa
1136 1173 1289 1226 ducis
1324 1174 1581 1228 Meliboei

224 1249 403 1302 Parva
445 1249 783 1303 Philoctetae
819 1249 1054 1304 subnixa
1093 1249 1304 1304 Petelia
1338 1267 1507 1304 muro.

225 1325 402 1390 Quin,-
421 1323 515 1376 ubi
551 1325 902 1378 transmissae
940 1325 1201 1379 steterint
1236 1329 1389 1378 trans
1425 1342 1665 1394 aequora
1699 1329 1899 1381 classes

224 1401 299 1453 Et
333 1399 526 1468 positis
562 1400 672 1452 aris
708 1401 818 1454 iam
853 1405 984 1456 vota
1017 1402 1074 1454 in
1111 1400 1274 1455 litore
1309 1402 1500 1468 solves,

226 1475 512 1542 Purpureo
549 1475 730 1530 velare
767 1492 947 1529 comas
982 1477 1283 1544 adopertus
1318 1477 1536 1544 amictu,
1870 1493 1941 1533 405

225 1551 312 1604 Ne
350 1567 460 1619 qua
496 1549 645 1603 inter
681 1554 897 1606 sanctos
933 1551 1076 1619 ignis
1112 1552 1167 1604 in
1205 1551 1410 1605 honore
1446 1551 1674 1606 deorum

225 1627 460 1680 Hostilis
496 1627 664 1680 facies
700 1632 949 1683 occurrat
983 1631 1043 1681 ct
1078 1627 1261 1682 omina
1297 1626 1503 1682 turbet.

225 1704 392 1757 Hunc
428 1704 559 1758 socii
595 1721 804 1759 morem
836 1722 1134 1772 sacrorum,
1173 1704 1317 1758 huuc
1352 1704 1469 1773 ipse
1507 1708 1719 1759 teneto:

227 1782 348 1835 Hac
384 1780 520 1835 casti
557 1785 815 1835 maneant
848 1782 903 1837 iu
939 1781 1203 1849 religione
1238 1785 1483 1850 nepotes.

223 1859 335 1911 Ast
370 1856 464 1910 ubi
503 1856 812 1926 digressum
850 1858 1062 1911 Siculae
1098 1861 1157 1911 te
1192 1856 1501 1913 admoverit
1535 1874 1663 1912 orae
1870 1872 1942 1915 410

228 1934 442 1987 Ventus
475 1939 536 1988 et
571 1934 789 2003 angusti
826 1938 1107 1989 rarescent
1141 1935 1381 1989 claustra
1418 1934 1613 2001 Pelori,

225 2010 406 2064 Laeva
440 2010 542 2064 tibi
579 2010 742 2064 tellus
780 2016 838 2064 ct
873 2011 1034 2079 longo
1070 2012 1225 2065 laeva
1259 2014 1519 2081 petantur

225 2088 489 2155 Aequora
521 2085 785 2152 circuitu3
822 2088 1083 2141 dextrum
1119 2089 1250 2155 fuge
1284 2088 1415 2141 litus
1450 2092 1509 2142 et
1544 2092 1731 2144 undas.

227 2163 381 2216 Ilaec
414 2163 532 2216 loca
567 2163 620 2215 vi
657 2164 934 2232 quondam
972 2169 1030 2219 et
1065 2168 1222 2217 vasta
1258 2164 1509 2217 convolsa
1542 2165 1769 2217 ruina—

225 2240 459 2293 Tantum
497 2239 616 2293 aevi
651 2240 944 2308 longinqua
979 2240 1128 2293 valet
1165 2243 1381 2306 mutare
1416 2244 1733 2294 vetustas—
1869 2254 1942 2295 415

227 2315 540 2369 Dissiluisse
578 2316 778 2383 ferunt,
814 2332 937 2371 cum
972 2315 1226 2385 protinus
1260 2318 1495 2382 utraque
1530 2316 1695 2370 tellus

227 2392 356 2445 Una
389 2391 560 2456 forct3
599 2393 748 2447 venit
785 2393 966 2447 medio
1003 2392 1056 2445 vi
1093 2396 1296 2462 pontus
1332 2396 1391 2447 et
1424 2392 1587 2446 undis

231 2467 564 2535 Hesperium
601 2468 780 2523 Siculo
817 2469 962 2524 latus
1001 2468 1253 2535 abscidit,
1290 2485 1529 2535 arvaque
1566 2470 1623 2521 et
1659 2468 1823 2521 urbes

229 2542 420 2597 Litore
457 2542 708 2597 diductas
745 2551 976 2613 angusto
1013 2545 1266 2599 interluit
1302 2549 1473 2599 aestu.
1508 2538 1561 2601 3⁷>

230 2620 505 2673 Dextrum
544 2620 722 2687 Scylla
756 2622 916 2689 latus,
953 2623 1168 2676 laevum
1203 2622 1477 2689 inplacata
1513 2618 1815 2688 Charybdis
1872 2634 1944 2676 420

232 2694 484 2761 Obsidet,
522 2698 689 2762 atque
724 2696 836 2751 imo
871 2697 1120 2751 barathri
1154 2704 1244 2751 ter
1278 2697 1500 2765 gurgite
1535 2699 1719 2749 vastos

179 2766 432 2825 “Sorbet
468 2772 524 2825 in
561 2770 858 2842 abruptum
893 2774 1105 2838 fluctus,
1139 2789 1439 2842 rursusque
1476 2770 1577 2826 sub
1614 2779 1790 2825 auras·

234 2848 411 2917 Erigit
448 2849 688 2903 alternos
727 2854 785 2904 et
821 2851 1002 2904 sidera
1039 2850 1298 2904 verberat
1332 2850 1491 2903 unda.

237 2926 318 2979 At
354 2925 582 2993 Scyllam
619 2926 794 2980 caecis
831 2926 1050 2981 cohibet
1087 2928 1341 2997 spelunea
1376 2926 1613 2995 latebris,

236 3000 350 3055 Ora
385 3006 757 3057 exsertantem
795 3008 854 3057 et
889 3004 1042 3057 navis
1077 3003 1134 3057 in
1172 3022 1303 3059 saxa
1337 3003 1663 3058 trahentem.
1873 3014 1946 3054 42⁵

237 3077 424 3131 Prima
457 3077 684 3133 hominis
719 3080 885 3134 facies
921 3085 980 3135 et
1013 3081 1241 3150 pulchro
1275 3084 1499 3150 pectore
1534 3080 1686 3146 virgo

237 3150 392 3207 Pube
426 3157 604 3225 tenus,
637 3162 918 3225 postrema
949 3157 1157 3214 inmani
1191 3175 1419 3228 corpore
1451 3156 1655 3226 pristis,
