2163 3401
186 92 246 137 56
656 88 715 135 Ρ.
752 87 1058 136 VERGILI
1093 83 1420 136 MAROle

186 168 460 222 Plurimus
497 166 807 221 Alburnum
841 168 1092 236 volitans,
1129 168 1215 222 cui
1249 184 1445 223 nomen
1479 169 1612 225 asilo

186 244 489 299 Romanum
527 248 627 311 est,
665 248 915 297 oestrum
948 244 1100 298 Graii
1135 248 1352 299 vertere
1386 250 1655 317 vocanteS,

188 325 383 390 Asper,
422 320 619 375 acerba
654 337 865 389 sonanS,
904 338 1012 388 quo
1050 325 1170 375 tota
1207 322 1472 375 exterrita
1508 324 1654 378 silvis

188 397 491 466 Diffugiunt
526 401 804 462 armenta3
836 397 972 451 furit
1006 398 1306 466 mugitibus
1341 399 1531 452 aether
1823 413 1895 455 150

186 475 489 529 Concussus
526 475 800 543 silvaeque
837 478 896 528 et
932 474 1056 527 sicci
1095 475 1214 543 ripa
1249 475 1494 545 Tanagri.

188 552 311 606 Hoc
346 552 618 621 quondam
658 554 901 605 monstro
937 550 1214 605 horribilis
1249 552 1493 606 exercuit
1525 553 1635 607 iras

191 627 442 683 Inachiae
480 628 618 681 Iuno
654 630 868 697 pestem
904 628 1174 681 meditata
1205 628 1479 682 iuvenoae.

189 706 353 759 Hunc
389 721 621 773 quoque,
658 720 784 757 nam
820 703 1015 769 mediis
1050 703 1354 758 fervoribus
1389 703 1566 758 acrior
1597 705 1783 773 instat,

192 782 420 835 Arcebis
456 780 682 849 gravido
718 780 914 849 pecori,
950 784 1307 849 armentaque
1342 797 1532 850 pasces
1821 795 1892 835 155

188 858 313 913 Sole
348 872 537 912 recens
572 860 694 912 orto
730 860 828 910 aut
862 861 1077 911 noctem
1115 857 1440 911 ducentibus
1475 857 1656 913 astris,

260 935 392 988 Post
426 939 645 1003 partum
681 951 809 988 cura
845 935 899 987 in
936 934 1134 989 vitulos
1169 933 1480 987 traducitur
1514 934 1719 999 omnis;

168 1012 568 1080 ‘Continuoque
604 1014 762 1064 notas
800 1015 857 1064 et
891 1011 1110 1064 nomina
1142 1011 1325 1079 gentis
1359 1011 1598 1079 inurunt,

190 1088 265 1142 Et
298 1104 434 1157 quos
469 1091 567 1141 aut
602 1088 784 1157 pecori
819 1087 1014 1141 malint
1049 1087 1376 1141 submittere
1411 1086 1679 1156 habende,

191 1168 309 1217 Aut
344 1164 452 1217 aris
490 1180 707 1217 servare
745 1180 937 1229 sacros,
974 1167 1069 1217 aut
1107 1164 1358 1218 scindere
1391 1166 1596 1219 terram
1822 1180 1896 1219 160

190 1241 264 1295 Et
296 1257 544 1309 campum
580 1241 894 1293 horrentem
930 1240 1118 1294 fractis
1153 1242 1426 1294 invertere
1460 1240 1680 1309 glaebis

192 1318 389 1371 Cetera
421 1321 718 1386 pascuntur
754 1316 943 1371 viridis
979 1321 1228 1371 armenta
1261 1334 1362 1386 per
1397 1317 1620 1372 herbas:

190 1395 271 1447 Tu
308 1410 443 1463 quos
479 1394 551 1447 ad
588 1394 827 1448 studium
863 1397 1033 1463 atque
1067 1411 1225 1449 usum
1260 1393 1518 1447 formabis
1553 1399 1847 1461 agrestem,

194 1473 311 1525 Iam
347 1472 545 1526 vitulos
580 1471 819 1536 hortare,
855 1470 1108 1540 viamque
1144 1471 1334 1525 insiste
1371 1470 1647 1537 domandi,

192 1549 336 1602 Dum
372 1549 557 1603 faciles
594 1547 759 1601 animi
794 1548 1065 1613 iuvenum,
1107 1547 1238 1601 dum
1274 1546 1484 1600 mobilis
1521 1550 1702 1599 aetas:
1826 1560 1900 1600 les

192 1628 278 1679 Ae
311 1626 546 1695 primum
580 1624 735 1677 laxos
770 1624 924 1677 tenui
961 1622 1031 1675 do
1067 1622 1268 1677 vimine
1303 1623 1492 1677 circlos

192 1703 401 1757 Cervici
438 1702 731 1767 subnecte3
768 1700 975 1766 dehinc,
1011 1699 1108 1753 ubi
1142 1699 1318 1755 libera
1354 1699 1492 1754 colla

192 1779 425 1833 Servitio
462 1777 757 1843 adsuerint
794 1777 925 1846 ipsis
963 1794 994 1831 e
1030 1777 1322 1846 torquibus
1358 1780 1515 1846 aptos

194 1857 367 1923 Iunge
401 1871 576 1923 pareS,
614 1857 673 1908 et
707 1871 841 1922 coge
874 1853 1111 1922 gradum
1145 1855 1392 1908 conferre
1429 1855 1711 1919 iuvencos;

195 1934 382 1999 Atque
416 1931 521 1983 illis
556 1931 666 1984 iam
702 1947 863 2000 saepe
900 1932 1053 1984 rotae
1093 1932 1363 1984 ducantur
1397 1931 1584 1984 inanes
1829 1945 1904 1986 170

194 2008 299 2061 Per
334 2012 555 2075 terram,
594 2011 653 2061 et
688 2024 900 2061 summo
934 2007 1168 2075 vestigia
1203 2007 1428 2076 pulvere
1465 2008 1711 2075 signent3

194 2085 324 2138 Post
361 2083 539 2136 valido
575 2084 756 2137 nitens
793 2083 894 2137 sub
929 2083 1176 2152 pondere
1211 2085 1422 2152 faginus
1460 2083 1576 2137 axis

194 2162 487 2228 Instrepat‚
526 2164 585 2213 et
620 2160 833 2214 iunctos
868 2164 1017 2214 temo
1054 2161 1242 2215 trahat
1279 2177 1470 2215 aereus
1508 2160 1670 2215 orbis,

194 2238 415 2305 Interea
448 2235 580 2304 pubi
616 2236 916 2290 indomitae
951 2254 1059 2290 non
1095 2239 1345 2305 gramina
1381 2240 1613 2304 tantum,

192 2314 242 2367 N
248 2331 309 2368 ec
344 2330 529 2366 vescas
566 2314 787 2366 salicum
825 2314 1047 2368 frondes
1084 2314 1372 2382 ulvamque
1407 2315 1722 2384 palustrem,
1833 2329 1907 2369 175

192 2390 303 2445 Sed
325 2390 602 2443 frumenta
637 2406 800 2443 manu
836 2407 1025 2459 carpes
1066 2395 1216 2456 sata3
1251 2408 1351 2444 nec
1387 2391 1489 2445 tibi
1523 2391 1686 2458 fetae,

140 2459 153 2474 '
192 2467 347 2520 More
382 2470 617 2535 patrum,
654 2466 809 2520 nivea
841 2467 1130 2536 inplebunt
1164 2467 1480 2521 mulctraria
1514 2483 1720 2534 vaccae,

192 2544 303 2598 Sed
339 2547 459 2598 tota
492 2544 548 2596 in
584 2543 760 2596 dulcis
796 2548 1118 2598 consument
1151 2543 1322 2598 ubera
1355 2548 1527 2599 natos

262 2621 356 2674 Sin
391 2621 463 2674 ad
497 2620 643 2676 bella
679 2622 852 2690 magis
889 2621 1135 2675 studium
1172 2623 1492 2688 turmasque
1527 2619 1739 2689 ferocis,

194 2697 313 2750 Aut
350 2698 567 2765 Alphea
602 2699 738 2752 rotis
774 2697 1018 2768 praelabi
1054 2697 1279 2750 flumina
1316 2697 1488 2762 Pisae,
1833 2711 1911 2752 leo

193 2771 267 2824 Et
306 2773 449 2824 Iovis
483 2774 538 2825 in
574 2775 694 2825 luco
731 2791 922 2828 currus
958 2774 1170 2842 agitare
1205 2772 1466 2827 volantis:

195 2846 410 2900 Primus
446 2849 573 2915 equi
610 2848 763 2902 labor
798 2854 900 2918 est,
938 2851 1146 2904 animos
1183 2853 1352 2916 atque
1387 2865 1539 2903 arma
1573 2851 1765 2904 videre

199 2921 524 2988 Bellantum,
559 2923 833 2992 lituosque
868 2926 1000 2994 pati,
1035 2929 1326 2994 tractuque
1360 2930 1672 2992 gementem

196 2995 367 3051 Ferre
401 3001 592 3062 rotam,
631 3002 690 3050 et
726 3001 943 3054 stabulo
980 3002 1163 3056 frenos
1199 3001 1391 3054 audire
1429 3003 1708 3067 sonantis;

196 3072 331 3125 Tum
367 3073 538 3140 magis
572 3076 739 3140 atque
776 3077 949 3143 magis
982 3077 1200 3131 blandis
1234 3076 1478 3144 gaudere
1513 3079 1763 3146 magistri
1835 3093 1912 3132 185

197 3144 475 3201 Laudibus
512 3152 569 3202 et
603 3147 825 3217 plausae
862 3153 1098 3207 sonitum
1132 3152 1355 3207 cervicis
1391 3167 1590 3209 amare.
