2163 3401
682 116 1090 164 GEORGICON
1135 117 1275 165 LIB.
1324 117 1397 167 11.
1608 126 1613 132 '
1851 121 1911 168 51

200 194 310 248 llic
344 196 487 264 petit
525 196 781 251 exscidiis
816 197 1012 251 urbem
1049 197 1391 267 miserosque
1431 197 1670 266 PenatiS,
1842 213 1913 252 505

197 272 280 326 Ut
313 290 530 340 gemma
565 274 723 327 bibat
761 277 820 328 et
857 275 1093 328 Sarrano
1132 273 1372 327 dormiat
1408 279 1593 338 esti-03

199 349 402 402 Condit
436 366 566 418 opes
603 350 756 412 alius,
795 350 1121 420 defossoque
1157 350 1378 404 incubat
1414 367 1576 416 auro;

199 424 308 478 Hic
342 429 531 495 stupet
566 428 834 481 attonitus
873 427 1120 492 Rostris;
1158 427 1301 480 hunc
1334 427 1557 496 plausus
1590 427 1833 483 hiantem

200 502 309 556 Per
342 520 542 559 cuneos
576 504 889 572 geminatus
926 505 1070 558 enim
1106 504 1393 574 plebisque
1429 509 1762 574 patrumque

199 580 502 650 Corripuit3
543 580 788 649 gaudent
823 581 1032 651 perfusi
1068 582 1337 650 sanguine
1372 582 1620 646 fratrum,
1841 597 1913 637 διο

197 657 513 727 Exsilioque
548 658 740 711 domos
775 661 835 712 ct
868 658 1050 712 dulcia
1084 658 1267 712 limina
1300 661 1534 726 mutant,

199 736 391 802 Atque
427 734 532 788 alio
567 735 802 804 patriam
839 737 1112 802 quaerunt
1147 734 1250 789 sub
1288 734 1402 788 sole
1436 735 1723 788 iacentem.

197 810 460 876 Agricola
493 811 716 864 incurvo
750 814 956 864 terram
993 809 1223 866 dimovit
1258 815 1474 866 aratro:

198 885 346 940 Hinc
381 887 510 940 anni
545 886 713 952 labor,
748 887 874 940 hinc
907 887 1145 955 patriam
1181 903 1487 956 parvosque
1524 886 1753 942 Penatis

195 963 455 1028 Sustinet,
491 963 617 1017 hinc
651 968 902 1016 armenta
937 963 1103 1016 boum
1139 964 1478 1032 meritosque
1514 963 1786 1020 iuvencos.
1836 977 1909 1018 515

194 1039 250 1092 N
251 1037 314 1093 ec
349 1040 582 1109 requies,
621 1040 754 1109 quin
789 1044 886 1093 aut
921 1040 1099 1108 pomis
1119 1039 1403 1094 -exuberet
1440 1057 1631 1107 annuS,

194 1118 316 1172 Aut
350 1117 468 1171 fetu
503 1121 777 1186 pecorum,
813 1121 910 1171 aut
948 1117 1193 1190 Cerealis
1228 1117 1463 1185 mergite
1498 1117 1675 1185 culmi,

195 1193 584 1262 Proventuque
620 1199 813 1248 oneret
848 1193 1025 1247 sulcos
1061 1197 1231 1263 atque
1266 1195 1465 1248 horrea
1498 1194 1689 1248 vincat.

193 1267 367 1323 Venit
402 1269 630 1338 hiemps,
668 1270 872 1324 teritur
908 1269 1159 1338 Sicyonia
1193 1269 1330 1324 baca
1365 1271 1615 1341 trapetiS,

193 1344 410 1398 Glande
446 1362 571 1398 sues
607 1345 738 1398 laeti
776 1345 1027 1412 redeunt,
1065 1345 1203 1400 dant
1237 1345 1436 1400 arbuta
1471 1347 1667 1414 silva03
1835 1363 1909 1404 620

193 1419 268 1474 Et
303 1420 481 1473 varios
517 1420 672 1488 ponit
706 1421 852 1474 fetus
889 1424 1197 1487 autumnus,
1235 1424 1292 1475 et
1328 1422 1439 1476 alte

193 1495 351 1548 Mitis
385 1495 441 1548 iu
478 1495 676 1564 apricis
711 1495 967 1564 coquitur
1000 1495 1276 1549 vindemia
1311 1498 1470 1552 saxis.

194 1571 420 1625 Interea
455 1570 644 1625 dulces
679 1571 926 1641 pendent
961 1571 1163 1625 circum
1200 1573 1382 1626 oscula
1416 1573 1546 1642 nati,

195 1648 361 1702 Casta
395 1647 716 1717 pudicitiam
753 1650 938 1703 servat
975 1647 1185 1714 domus,
1220 1648 1393 1703 ubera
1425 1666 1620 1705 vaccae

192 1726 398 1779 Lactea
435 1724 753 1792 demittunt,
790 1725 1129 1794 pinguesque
1164 1726 1220 1779 in
1255 1726 1504 1794 gramine
1540 1728 1687 1783 laeto
1836 1743 1907 1783 525

192 1802 352 1855 Inter
389 1818 448 1856 se
484 1802 731 1856 adversis
766 1802 1048 1856 luctantur
1080 1802 1335 1857 cornibus
1372 1802 1547 1857 haedi.

192 1878 325 1947 Ipse
361 1878 481 1931 dies
518 1878 695 1946 agitat
727 1879 915 1943 festos,
950 1878 1215 1947 fususque
1250 1896 1351 1948 per
1385 1878 1625 1949 herbam,

193 1954 348 2022 Ignis
383 1955 478 2008 ubi
513 1956 569 2008 in
606 1954 790 2009 medio
827 1958 887 2007 et
922 1954 1050 2008 socii
1085 1958 1300 2009 cratera
1335 1960 1614 2025 coronant,

191 2031 284 2100 Te,
321 2031 512 2097 libans,
550 2030 780 2095 Lenaee,
817 2033 990 2099 vocat,
1027 2030 1351 2100 pecorisque
1387 2032 1668 2099 magistris

191 2106 412 2161 Velocis
445 2107 606 2161 iaculi
644 2107 943 2160 certamina
975 2106 1133 2173 ponit
1168 2106 1223 2160 in
1252 2102 1423 2176 ulmo,
1834 2122 1907 2162 630

192 2184 543 2253 Corporaque
578 2182 783 2251 agresti
820 2182 1032 2236 nudant
1066 2183 1340 2251 praedura
1374 2183 1696 2249 palaestrae.

193 2259 355 2313 Hanc
391 2259 520 2312 olim
555 2264 772 2313 veteres
806 2259 974 2311 vitam
1013 2258 1230 2311 coluere
1268 2258 1471 2328 Sabini,

141 2393 150 2399 ,
193 2336 355 2390 Hanc
393 2336 600 2389 Remus
637 2340 696 2390 et
729 2335 916 2403 frater,
955 2334 1032 2389 sic
1066 2334 1227 2388 fortis
1265 2335 1488 2389 Etruria
1522 2337 1699 2391 crevit

191 2412 412 2469 Scilicet
447 2414 504 2466 et
539 2428 722 2465 rerum
759 2412 906 2465 facta
941 2414 1028 2465 est
1063 2411 1430 2479 pulcherrima
1468 2411 1659 2482 Roma,

191 2489 528 2557 septemque
561 2503 672 2540 una
707 2487 808 2540 sibi
845 2503 1000 2541 muro
1037 2486 1403 2542 circumdedit
1438 2504 1605 2542 arces.
1838 2505 1909 2545 535

192 2566 348 2618 Ante
384 2564 555 2617 etiam
589 2566 867 2630 sceptrum
903 2562 1117 2617 Dictaei
1154 2564 1314 2631 regis,
1355 2568 1412 2617 ct
1448 2568 1577 2617 ante

194 2641 376 2710 Impia
411 2656 578 2709 quam
613 2638 784 2692 caesis
818 2656 970 2707 gens·
989 2644 1075 2693 cst
1113 2640 1333 2709 epulata
1370 2640 1625 2707 iuvencis,

193 2718 414 2771 Aureus
449 2716 587 2769 hanc
622 2715 793 2768 vitam
829 2716 886 2767 in
921 2717 1087 2769 terris
1127 2717 1399 2769 Saturnus
1436 2715 1658 2784 agebat:

194 2794 446 2848 Necdum
482 2792 649 2848 ctiam
687 2792 974 2845 audierant
1011 2792 1187 2850 inflari
1226 2792 1461 2860 classica,
1499 2793 1733 2848 necdum

196 2868 472 2939 Inpositos
509 2870 664 2923 duris
699 2870 968 2938 crepitare
1004 2868 1291 2923 incudibus
1329 2886 1498 2924 enses,
1836 2884 1907 2923 διο

264 2947 373 3001 Sed
409 2966 506 3001 nos
540 2950 845 3006 inmensum
884 2949 1072 3017 spatiis
1110 2948 1433 3003 confecimus
1468 2964 1689 3017 aequor,

195 3023 268 3077 Et
300 3024 408 3079 iam
443 3028 661 3096 tempus
698 3043 900 3097 equum
935 3025 1204 3079 fumantia
1240 3025 1451 3081 solvere
1486 3025 1637 3079 colla.

319 3185 378 3247 Ἡ
445 3120 750 3309 ’ὶῖψὶἶῖἷ
1473 3141 1550 3212 ΙῙῙ
1626 3200 1633 3209 .

351 3264 451 3333 2³
489 3334 531 3366 j,

307 3100 338 3146 ⁵

185 3302 392 3367 hm.-.
