2163 3401
200 120 228 161 :3
665 113 726 162 P.
764 111 1073 160 VERGILI
1111 110 1443 160 MARONIS

199 196 477 260 Quantum
511 197 662 252 lenta
696 195 872 250 solent
905 193 1052 246 inter
1084 189 1315 247 viburna
1348 197 1609 264 cupressi.

197 273 288 328 Μ.
326 275 401 329 Et
437 292 578 344 quae
613 277 772 328 tanta
805 271 913 324 fuit
950 269 1181 323 Romam
1217 271 1320 324 tibi
1356 289 1546 327 caussa
1579 272 1841 328 videndi?

208 350 265 403 Τ.
303 351 587 416 Libertas;
623 366 762 422 quae
799 363 934 413 sera,
971 351 1157 399 tamen
1194 349 1437 416 respexit
1470 346 1735 416 inertem„

203 426 504 484 Candidior
528 417 833 504 postquam
869 422 1124 476 tondenti
1158 422 1328 476 barba
1362 424 1628 490 cadebat3

205 503 482 572 Respexit
516 491 716 570 tamen,
755 505 814 554 et
847 500 1008 566 longo
1044 503 1171 567 post
1208 504 1457 569 tempore
1492 503 1657 570 venit,
1714 558 1717 561 ,
1866 515 1914 556 ³0
2022 553 2037 566 ,

205 579 507 649 Postquam
545 597 644 634 nos
683 573 976 644 Amaryllis
1011 575 1197 642 habet,
1234 575 1467 630 Galatea
1501 579 1739 647 reliquit.
1898 585 1903 590 '

203 656 470 725 Namque,
504 650 723 708 fatebor
759 653 918 718 enim,
957 651 1090 704 dum
1126 668 1215 704 me
1252 651 1479 706 Galatea
1514 655 1754 724 tenebat,

205 733 257 787 N
261 750 322 786 ec
357 749 482 802 spes
513 731 787 785 libertatis
824 732 959 796 crat,
995 745 1097 782 nec
1132 745 1263 782 cura
1298 730 1489 798 peculi.

208 809 464 874 Quamvis
499 808 676 862 multa
711 806 846 860 meis
882 804 1059 859 exiret
1095 805 1317 859 victima
1352 807 1571 875 saeptiS,

208 885 430 954 Pinguis
465 887 526 939 et
559 885 806 953 ingratae
842 886 1186 951 premeretur
1222 899 1409 936 caseus
1446 883 1585 952 urbi,
1868 899 1917 938 :35

208 963 258 1016 N
265 981 332 1016 on
357 979 619 1031 umquam
643 959 827 1029 gravis
852 976 978 1012 aere
1003 958 1225 1012 domum
1251 959 1385 1012 mihi
1409 959 1609 1014 dextra
1630 959 1864 1014 redibat.

207 1039 292 1093 M.
332 1038 590 1105 Mirabar,
631 1036 765 1106 quid
801 1039 1010 1088 maesta
1048 1033 1197 1102 deoe,
1240 1035 1517 1104 Amaryllss
1552 1053 1791 1103 vocares,

209 1115 309 1170 Cui
345 1114 587 1185 pendere
625 1129 724 1168 sua
758 1111 1026 1181 patereris
1062 1111 1121 1163 in
1157 1111 1353 1165 arbore
1388 1129 1579 1182 poma:
1657 1167 1660 1170 .

209 1191 427 1260 Tityrus
460 1191 586 1244 hinc
623 1189 828 1243 aberat.
906 1188 1068 1256 Ipsae
1104 1190 1177 1254 te,
1214 1187 1413 1256 Tityre,
1450 1189 1624 1259 pinus,

212 1267 326 1336 Ipsi
360 1272 419 1320 te
454 1269 646 1334 fontes,
683 1265 802 1334 ipsa
836 1264 971 1317 haec
1007 1263 1233 1321 arbusta
1266 1264 1545 1320 vocabant.
1872 1281 1921 1318 40

220 1344 279 1397 Τ.
315 1342 459 1408 Quid
493 1343 762 1396 facerem?
799 1356 977 1409 neque
1014 1339 1239 1393 servitio
1275 1357 1363 1394 me
1398 1343 1549 1396 exire
1584 1341 1801 1410 licebat,

211 1420 263 1474 N
269 1437 329 1474 ec
363 1421 477 1473 tam
512 1417 814 1487 praesentis
852 1415 978 1468 alibi
1015 1432 1339 1484 cognoscere
1375 1417 1541 1472 divos.
1819 1418 1825 1422 ’

213 1495 324 1550 Hic
358 1495 512 1548 illum
547 1493 660 1547 vidi
697 1493 960 1556 iuvenem,
1002 1491 1288 1560 Meliboee,
1324 1497 1460 1562 quot
1492 1495 1649 1548 ann'is

213 1572 310 1626 Bis
345 1588 502 1626 senos
536 1571 624 1624 cui
660 1573 849 1624 nostra
887 1568 1006 1622 dies
1043 1569 1238 1623 altaria
1272 1569 1499 1625 fumant.

214 1649 322 1703 Hic
357 1649 490 1702 mihi
527 1663 846 1715 responsum
884 1644 1097 1715 prImus
1136 1644 1294 1698 dedit
1331 1644 1425 1699 ille
1458 1647 1703 1717 petenti:
1877 1663 1925 1702 45

215 1725 446 1793 Pascite,
480 1728 545 1777 ut
579 1728 723 1790 ante,
760 1722 942 1786 boveS‚
980 1721 1154 1789 pueri,
1195 1720 1505 1777 submittite
1538 1728 1739 1779 tauros.

213 1802 301 1857 M.
341 1802 641 1853 Fortunate
680 1814 862 1864 senex,
903 1814 1034 1865 ergo
1072 1800 1170 1851 tua
1196 1814 1337 1854 *rura
1372 1794 1684 1868 manebunt,

215 1880 290 1933 Et
322 1877 424 1931 tibi
460 1892 658 1943 magna
694 1873 842 1940 satiS,
884 1872 1133 1941 quamvis
1168 1874 1305 1943 lapis
1342 1876 1521 1929 omnia
1553 1876 1733 1930 nudus

215 1956 540 2021 Limosoque
575 1950 731 2021 palus
765 1950 1002 2003 obducat
1036 1968 1237 2020 pascua
1270 1951 1459 2007 iunco!

215 2032 268 2085 N
271 2049 340 2085 on
374 2031 588 2084 insueta
621 2030 802 2097 gravis
840 2027 1193 2097 temptabunt
1228 2028 1429 2097 pabula
1463 2029 1621 2097 fetae,
1884 2046 1932 2081 ω

217 2108 268 2161 N
273 2125 335 2161 ec
368 2107 511 2159 mala
545 2106 706 2159 vicini
742 2105 953 2174 pecoris
994 2106 1245 2172 contagia
1278 2104 1515 2159 laedent.
1706 2114 1709 2117 ’

218 2184 519 2237 Fortunate
556 2199 736 2249 senex,
773 2182 878 2250 hic,
917 2182 1062 2235 inter
1092 2180 1325 2239 ,flumina
1358 2185 1488 2235 nota

105 2273 107 2276 ·
218 2261 291 2314 Et
321 2260 488 2314 fontis
525 2275 718 2324 sacros,
754 2259 929 2326 frigus
969 2257 1216 2327 captabis
1250 2255 1517 2326 opacum!

220 2337 364 2390 Hinc
398 2334 515 2401 tibi,
553 2350 694 2403 quae
732 2350 960 2404 semper,
1000 2335 1175 2388 vicino
1215 2334 1285 2387 ab
1320 2333 1514 2402 limite,
1547 2350 1739 2403 saepes

219 2411 481 2481 Hyblaeis
517 2410 712 2479 apibus
750 2410 940 2465 florem
975 2411 1207 2480 depasta
1243 2410 1437 2477 salicti,
1890 2427 1938 2465 155

220 2488 391 2556 Saepe
426 2487 532 2541 levi
567 2504 813 2541 somnum
854 2487 1109 2542 suadebit
1148 2488 1289 2540 inire
1326 2503 1579 2553 susurr03

220 2564 365 2617 Hine
401 2564 512 2618 alta
551 2564 649 2617 sub
687 2581 823 2633 rupe
865 2568 1024 2617 canet
1063 2562 1353 2618 frondator
1390 2562 1461 2616 ad
1495 2580 1691 2629 auras3

221 2639 336 2695 Nec
370 2644 554 2693 tamen
592 2641 803 2694 interea
843 2656 1053 2706 raucae,
1096 2643 1194 2693 tua
1232 2657 1379 2707 cura,
1416 2639 1719 2709 palumbes,

221 2716 336 2770 Nec
370 2734 592 2784 gemere
629 2718 776 2770 aeria
815 2716 1052 2771 cessabit
1093 2720 1280 2771 turtur
1316 2717 1385 2770 ab
1421 2717 1582 2770 ulmo,

227 2792 288 2847 Τ.
324 2795 474 2847 Ante
509 2793 656 2847 leves
695 2811 823 2861 erg«)
863 2796 1154 2862 pascentur
1187 2797 1249 2846 ἰιι
1290 2794 1515 2848 aethere
1550 2794 1712 2860 cervi,
1900 2808 1949 2846 oo

221 2870 295 2924 Et
329 2871 475 2925 freta
511 2873 816 2924 destltuent
856 2872 1031 2924 nudos
1068 2870 1125 2922 in
1164 2871 1323 2925 litore
1358 2870 1551 2939 pisceS,

223 2946 388 3013 Ante,
425 2947 725 3016 pererratis
761 2948 1042 3000 amborum
1083 2946 1297 3012 finibus
1336 2946 1491 3000 exsul

225 3022 342 3074 Aut
381 3022 603 3076 Ararim
643 3020 878 3073 Parthus
914 3022 1086 3087 bibet,
1125 3027 1222 3076 aut
1260 3022 1555 3077 Germania
1592 3021 1815 3091 Tigrim,

225 3097 398 3160 Quam
436 3101 624 3150 nostro
662 3096 804 3149 illius
839 3096 1054 3151 labatur
1092 3103 1313 3165 pectore
1349 3099 1543 3153 voltus·

238 3171 302 3187 “’
347 3174 428 3225 At
460 3188 559 3225 nos
594 3171 721 3225 hinc-
755 3170 846 3224 alii
883 3172 1121 3233 sitientis
1155 3173 1357 3229 ibimus
1394 3174 1575 3240 Afros,
1900 3189 1951 3229 cs
