<?xml version="1.0" encoding="UTF-8"?>
<!DOCTYPE html PUBLIC "-//W3C//DTD XHTML 1.0 Transitional//EN"
    "http://www.w3.org/TR/xhtml1/DTD/xhtml1-transitional.dtd">
<html xmlns="http://www.w3.org/1999/xhtml" xml:lang="en" lang="en">
 <head>
  <title>
</title>
<meta http-equiv="Content-Type" content="text/html;charset=utf-8" />
  <meta name='ocr-system' content='tesseract 3.04.00' />
  <meta name='ocr-capabilities' content='ocr_page ocr_carea ocr_par ocr_line ocrx_word'/>
</head>
<body>
  <div class='ocr_page' id='page_1' title='image "./operaexrecensio04virggoog/operaexrecensio04virggoog_0209.png"; bbox 0 0 2163 3401; ppageno 0'>
   <div class='ocr_carea' id='block_1_1' title="bbox 738 69 1923 121">
    <p class='ocr_par' dir='ltr' id='par_1_1' title="bbox 738 69 1923 121">
     <span class='ocr_line' id='line_1_1' title="bbox 738 69 1923 121; baseline 0.001 -4"><span class='ocrx_word' id='word_1_1' title='bbox 738 69 1101 119; x_wconf 88' lang='lat' dir='ltr'><strong>AENEIDOS</strong></span> <span class='ocrx_word' id='word_1_2' title='bbox 1136 70 1275 119; x_wconf 85' lang='lat' dir='ltr'><strong>LIB.</strong></span> <span class='ocrx_word' id='word_1_3' title='bbox 1312 70 1411 121; x_wconf 89' lang='lat' dir='ltr'><strong>VI.</strong></span> <span class='ocrx_word' id='word_1_4' title='bbox 1830 72 1923 119; x_wconf 84' lang='lat'><strong>195</strong></span> 
     </span>
    </p>
   </div>
   <div class='ocr_carea' id='block_1_2' title="bbox 217 150 1928 3106">
    <p class='ocr_par' dir='ltr' id='par_1_2' title="bbox 229 150 1596 207">
     <span class='ocr_line' id='line_1_2' title="bbox 229 150 1596 207; baseline -0.001 1"><span class='ocrx_word' id='word_1_5' title='bbox 229 152 452 207; x_wconf 78' lang='lat' dir='ltr'><strong>Talibus</strong></span> <span class='ocrx_word' id='word_1_6' title='bbox 487 150 710 205; x_wconf 84' lang='lat' dir='ltr'><strong>Aeneas</strong></span> <span class='ocrx_word' id='word_1_7' title='bbox 743 150 1030 203; x_wconf 73' lang='lat' dir='ltr'><strong>ardentem</strong></span> <span class='ocrx_word' id='word_1_8' title='bbox 1065 154 1125 203; x_wconf 88' lang='lat' dir='ltr'><strong>et</strong></span> <span class='ocrx_word' id='word_1_9' title='bbox 1160 154 1316 203; x_wconf 84' lang='lat' dir='ltr'><strong>torva</strong></span> <span class='ocrx_word' id='word_1_10' title='bbox 1350 154 1596 207; x_wconf 86' lang='lat' dir='ltr'><strong>tuentem</strong></span> 
     </span>
    </p>

    <p class='ocr_par' dir='ltr' id='par_1_3' title="bbox 227 224 1575 294">
     <span class='ocr_line' id='line_1_3' title="bbox 227 224 1575 294; baseline 0.001 -13"><span class='ocrx_word' id='word_1_11' title='bbox 227 228 463 283; x_wconf 87' lang='lat' dir='ltr'><strong>Lenibat</strong></span> <span class='ocrx_word' id='word_1_12' title='bbox 499 226 664 280; x_wconf 86' lang='lat' dir='ltr'><strong>dictis</strong></span> <span class='ocrx_word' id='word_1_13' title='bbox 699 225 954 292; x_wconf 83' lang='lat' dir='ltr'><strong>animum,</strong></span> <span class='ocrx_word' id='word_1_14' title='bbox 988 224 1349 294; x_wconf 78' lang='lat' dir='ltr'><strong>lacrimasque</strong></span> <span class='ocrx_word' id='word_1_15' title='bbox 1384 226 1575 282; x_wconf 83' lang='lat' dir='ltr'><strong>ciebat.</strong></span> 
     </span>
    </p>

    <p class='ocr_par' dir='ltr' id='par_1_4' title="bbox 234 300 1373 367">
     <span class='ocr_line' id='line_1_4' title="bbox 234 300 1373 367; baseline -0.002 -10"><span class='ocrx_word' id='word_1_16' title='bbox 234 305 332 357; x_wconf 84' lang='lat' dir='ltr'><strong>llla</strong></span> <span class='ocrx_word' id='word_1_17' title='bbox 367 303 483 357; x_wconf 88' lang='lat' dir='ltr'><strong>solo</strong></span> <span class='ocrx_word' id='word_1_18' title='bbox 519 302 656 355; x_wconf 83' lang='lat' dir='ltr'><strong>fixos</strong></span> <span class='ocrx_word' id='word_1_19' title='bbox 692 300 874 355; x_wconf 87' lang='lat' dir='ltr'><strong>oculos</strong></span> <span class='ocrx_word' id='word_1_20' title='bbox 910 317 1101 353; x_wconf 84' lang='lat' dir='ltr'><strong>aversa</strong></span> <span class='ocrx_word' id='word_1_21' title='bbox 1136 301 1373 367; x_wconf 88' lang='lat' dir='ltr'><strong>tenebat,</strong></span> 
     </span>
    </p>

    <p class='ocr_par' dir='ltr' id='par_1_5' title="bbox 223 376 1926 599">
     <span class='ocr_line' id='line_1_5' title="bbox 223 376 1926 446; baseline 0.002 -13"><span class='ocrx_word' id='word_1_22' title='bbox 223 380 276 433; x_wconf 87' lang='lat' dir='ltr'>N</span> <span class='ocrx_word' id='word_1_23' title='bbox 279 396 342 433; x_wconf 90' lang='lat' dir='ltr'><strong>ec</strong></span> <span class='ocrx_word' id='word_1_24' title='bbox 375 378 552 446; x_wconf 86' lang='lat' dir='ltr'><strong>magis</strong></span> <span class='ocrx_word' id='word_1_25' title='bbox 586 377 802 445; x_wconf 88' lang='lat' dir='ltr'><strong>incepto</strong></span> <span class='ocrx_word' id='word_1_26' title='bbox 837 376 1045 431; x_wconf 82' lang='lat' dir='ltr'><strong>voltum</strong></span> <span class='ocrx_word' id='word_1_27' title='bbox 1081 394 1331 431; x_wconf 78' lang='lat' dir='ltr'>somene</span> <span class='ocrx_word' id='word_1_28' title='bbox 1366 383 1631 446; x_wconf 83' lang='lat' dir='ltr'><strong>movetur,</strong></span> <span class='ocrx_word' id='word_1_29' title='bbox 1853 394 1926 436; x_wconf 64' lang='lat' dir='ltr'><strong>wo</strong></span> 
     </span>
     <span class='ocr_line' id='line_1_6' title="bbox 226 452 1660 521; baseline 0.002 -15"><span class='ocrx_word' id='word_1_30' title='bbox 226 456 402 520; x_wconf 83' lang='lat' dir='ltr'><strong>Quam</strong></span> <span class='ocrx_word' id='word_1_31' title='bbox 438 454 482 507; x_wconf 89' lang='lat' dir='ltr'><strong>si</strong></span> <span class='ocrx_word' id='word_1_32' title='bbox 522 452 660 507; x_wconf 85' lang='lat' dir='ltr'><strong>dura</strong></span> <span class='ocrx_word' id='word_1_33' title='bbox 695 452 832 507; x_wconf 81' lang='lat' dir='ltr'>silex</span> <span class='ocrx_word' id='word_1_34' title='bbox 866 455 964 506; x_wconf 88' lang='lat' dir='ltr'><strong>aut</strong></span> <span class='ocrx_word' id='word_1_35' title='bbox 1000 455 1115 512; x_wconf 69' lang='lat' dir='ltr'><strong>siet</strong></span> <span class='ocrx_word' id='word_1_36' title='bbox 1150 453 1425 521; x_wconf 85' lang='lat' dir='ltr'><strong>Marpesia</strong></span> <span class='ocrx_word' id='word_1_37' title='bbox 1458 459 1660 509; x_wconf 81' lang='lat' dir='ltr'><strong>cautes.</strong></span> 
     </span>
     <span class='ocr_line' id='line_1_7' title="bbox 226 527 1637 599; baseline 0.002 -16"><span class='ocrx_word' id='word_1_38' title='bbox 226 531 468 586; x_wconf 83' lang='lat' dir='ltr'>Tandem</span> <span class='ocrx_word' id='word_1_39' title='bbox 505 528 771 597; x_wconf 88' lang='lat' dir='ltr'><strong>corripuit</strong></span> <span class='ocrx_word' id='word_1_40' title='bbox 807 544 941 596; x_wconf 86' lang='lat' dir='ltr'><strong>sese,</strong></span> <span class='ocrx_word' id='word_1_41' title='bbox 977 531 1145 597; x_wconf 88' lang='lat' dir='ltr'><strong>atque</strong></span> <span class='ocrx_word' id='word_1_42' title='bbox 1179 527 1399 585; x_wconf 87' lang='lat' dir='ltr'><strong>inimica</strong></span> <span class='ocrx_word' id='word_1_43' title='bbox 1434 531 1637 599; x_wconf 85' lang='lat' dir='ltr'><strong>refugit</strong></span> 
     </span>
    </p>

    <p class='ocr_par' dir='ltr' id='par_1_6' title="bbox 228 604 1749 751">
     <span class='ocr_line' id='line_1_8' title="bbox 228 604 1749 675; baseline 0.001 -14"><span class='ocrx_word' id='word_1_44' title='bbox 228 608 295 660; x_wconf 87' lang='lat' dir='ltr'><strong>In</strong></span> <span class='ocrx_word' id='word_1_45' title='bbox 328 623 524 661; x_wconf 89' lang='lat' dir='ltr'><strong>nemus</strong></span> <span class='ocrx_word' id='word_1_46' title='bbox 557 604 931 672; x_wconf 81' lang='lat' dir='ltr'><strong>umbriferum,</strong></span> <span class='ocrx_word' id='word_1_47' title='bbox 967 604 1202 657; x_wconf 86' lang='lat' dir='ltr'><strong>coniunx</strong></span> <span class='ocrx_word' id='word_1_48' title='bbox 1237 605 1333 659; x_wconf 89' lang='lat' dir='ltr'><strong>ubi</strong></span> <span class='ocrx_word' id='word_1_49' title='bbox 1367 608 1632 675; x_wconf 85' lang='lat' dir='ltr'><strong>pristinus</strong></span> <span class='ocrx_word' id='word_1_50' title='bbox 1666 608 1749 663; x_wconf 87' lang='lat' dir='ltr'><strong>illi</strong></span> 
     </span>
     <span class='ocr_line' id='line_1_9' title="bbox 228 680 1667 751; baseline 0.001 -16"><span class='ocrx_word' id='word_1_51' title='bbox 228 682 545 751; x_wconf 75' lang='lat' dir='ltr'><strong>Respondet</strong></span> <span class='ocrx_word' id='word_1_52' title='bbox 579 680 724 733; x_wconf 86' lang='lat' dir='ltr'><strong>euris</strong></span> <span class='ocrx_word' id='word_1_53' title='bbox 759 684 1068 749; x_wconf 88' lang='lat' dir='ltr'><strong>aequatque</strong></span> <span class='ocrx_word' id='word_1_54' title='bbox 1109 680 1379 749; x_wconf 80' lang='lat' dir='ltr'><strong>Sychaeus</strong></span> <span class='ocrx_word' id='word_1_55' title='bbox 1412 700 1667 739; x_wconf 87' lang='lat' dir='ltr'><strong>amorem.</strong></span> 
     </span>
    </p>

    <p class='ocr_par' dir='ltr' id='par_1_7' title="bbox 229 758 1924 903">
     <span class='ocr_line' id='line_1_10' title="bbox 229 758 1924 828; baseline 0.002 -16"><span class='ocrx_word' id='word_1_56' title='bbox 229 760 341 812; x_wconf 85' lang='lat' dir='ltr'><strong>Nec</strong></span> <span class='ocrx_word' id='word_1_57' title='bbox 377 758 558 811; x_wconf 91' lang='lat' dir='ltr'><strong>minus</strong></span> <span class='ocrx_word' id='word_1_58' title='bbox 594 759 828 823; x_wconf 84' lang='lat' dir='ltr'><strong>Aeneas,</strong></span> <span class='ocrx_word' id='word_1_59' title='bbox 867 773 995 809; x_wconf 87' lang='lat' dir='ltr'><strong>casu</strong></span> <span class='ocrx_word' id='word_1_60' title='bbox 1030 773 1318 811; x_wconf 86' lang='lat' dir='ltr'><strong>concussus</strong></span> <span class='ocrx_word' id='word_1_61' title='bbox 1354 758 1551 828; x_wconf 80' lang='lat' dir='ltr'><strong>iniquo,</strong></span> <span class='ocrx_word' id='word_1_62' title='bbox 1851 775 1924 816; x_wconf 72' lang='lat' dir='ltr'><strong>m</strong></span> 
     </span>
     <span class='ocr_line' id='line_1_11' title="bbox 230 832 1810 903; baseline -0.001 -13"><span class='ocrx_word' id='word_1_63' title='bbox 230 834 588 903; x_wconf 78' lang='lat' dir='ltr'><strong>Prosequitur</strong></span> <span class='ocrx_word' id='word_1_64' title='bbox 622 833 908 887; x_wconf 85' lang='lat' dir='ltr'><strong>lacrimans</strong></span> <span class='ocrx_word' id='word_1_65' title='bbox 943 832 1119 900; x_wconf 89' lang='lat' dir='ltr'><strong>longe,</strong></span> <span class='ocrx_word' id='word_1_66' title='bbox 1156 836 1215 886; x_wconf 93' lang='lat' dir='ltr'><strong>et</strong></span> <span class='ocrx_word' id='word_1_67' title='bbox 1250 834 1541 889; x_wconf 78' lang='lat' dir='ltr'><strong>miseratur</strong></span> <span class='ocrx_word' id='word_1_68' title='bbox 1575 840 1810 891; x_wconf 88' lang='lat' dir='ltr'><strong>euntem.</strong></span> 
     </span>
    </p>

    <p class='ocr_par' dir='ltr' id='par_1_8' title="bbox 231 908 1857 1054">
     <span class='ocr_line' id='line_1_12' title="bbox 298 908 1857 978; baseline 0.003 -15"><span class='ocrx_word' id='word_1_69' title='bbox 298 910 440 964; x_wconf 91' lang='lat' dir='ltr'><strong>Inde</strong></span> <span class='ocrx_word' id='word_1_70' title='bbox 477 908 668 964; x_wconf 88' lang='lat' dir='ltr'><strong>datum</strong></span> <span class='ocrx_word' id='word_1_71' title='bbox 705 908 929 963; x_wconf 88' lang='lat' dir='ltr'><strong>molitur</strong></span> <span class='ocrx_word' id='word_1_72' title='bbox 964 909 1085 962; x_wconf 88' lang='lat' dir='ltr'><strong>iter.</strong></span> <span class='ocrx_word' id='word_1_73' title='bbox 1164 909 1393 978; x_wconf 87' lang='lat' dir='ltr'><strong>Iamque</strong></span> <span class='ocrx_word' id='word_1_74' title='bbox 1426 927 1557 965; x_wconf 82' lang='lat' dir='ltr'><strong>arva</strong></span> <span class='ocrx_word' id='word_1_75' title='bbox 1588 913 1857 967; x_wconf 88' lang='lat' dir='ltr'><strong>tenebant</strong></span> 
     </span>
     <span class='ocr_line' id='line_1_13' title="bbox 231 984 1621 1054; baseline 0.001 -14"><span class='ocrx_word' id='word_1_76' title='bbox 231 986 448 1051; x_wconf 88' lang='lat' dir='ltr'><strong>Ultima,</strong></span> <span class='ocrx_word' id='word_1_77' title='bbox 487 1002 627 1053; x_wconf 87' lang='lat' dir='ltr'><strong>quae</strong></span> <span class='ocrx_word' id='word_1_78' title='bbox 663 984 804 1038; x_wconf 88' lang='lat' dir='ltr'><strong>bello</strong></span> <span class='ocrx_word' id='word_1_79' title='bbox 840 984 972 1037; x_wconf 87' lang='lat' dir='ltr'><strong>clari</strong></span> <span class='ocrx_word' id='word_1_80' title='bbox 1011 989 1223 1039; x_wconf 83' lang='lat' dir='ltr'><strong>secreta</strong></span> <span class='ocrx_word' id='word_1_81' title='bbox 1256 986 1621 1054; x_wconf 81' lang='lat' dir='ltr'><strong>frequentant.</strong></span> 
     </span>
    </p>

    <p class='ocr_par' dir='ltr' id='par_1_9' title="bbox 231 1059 1925 1662">
     <span class='ocr_line' id='line_1_14' title="bbox 231 1059 1579 1129; baseline 0.001 -13"><span class='ocrx_word' id='word_1_82' title='bbox 231 1062 336 1116; x_wconf 86' lang='lat' dir='ltr'><strong>Hic</strong></span> <span class='ocrx_word' id='word_1_83' title='bbox 369 1062 450 1115; x_wconf 89' lang='lat' dir='ltr'><strong>illi</strong></span> <span class='ocrx_word' id='word_1_84' title='bbox 487 1061 722 1114; x_wconf 84' lang='lat' dir='ltr'><strong>occurrit</strong></span> <span class='ocrx_word' id='word_1_85' title='bbox 757 1059 986 1129; x_wconf 82' lang='lat' dir='ltr'><strong>Tydeus,</strong></span> <span class='ocrx_word' id='word_1_86' title='bbox 1023 1061 1113 1115; x_wconf 90' lang='lat' dir='ltr'><strong>hic</strong></span> <span class='ocrx_word' id='word_1_87' title='bbox 1148 1061 1381 1115; x_wconf 89' lang='lat' dir='ltr'><strong>inclutus</strong></span> <span class='ocrx_word' id='word_1_88' title='bbox 1416 1064 1579 1119; x_wconf 89' lang='lat' dir='ltr'><strong>armis</strong></span> 
     </span>
     <span class='ocr_line' id='line_1_15' title="bbox 233 1137 1925 1207; baseline 0.002 -15"><span class='ocrx_word' id='word_1_89' title='bbox 233 1138 674 1205; x_wconf 80' lang='lat' dir='ltr'><strong>Parthenopaeus</strong></span> <span class='ocrx_word' id='word_1_90' title='bbox 710 1142 767 1191; x_wconf 89' lang='lat' dir='ltr'><strong>et</strong></span> <span class='ocrx_word' id='word_1_91' title='bbox 804 1137 1034 1191; x_wconf 89' lang='lat' dir='ltr'><strong>Adrasti</strong></span> <span class='ocrx_word' id='word_1_92' title='bbox 1068 1137 1324 1204; x_wconf 89' lang='lat' dir='ltr'><strong>pallentis</strong></span> <span class='ocrx_word' id='word_1_93' title='bbox 1360 1138 1568 1207; x_wconf 86' lang='lat' dir='ltr'><strong>imago;</strong></span> <span class='ocrx_word' id='word_1_94' title='bbox 1851 1154 1925 1195; x_wconf 78' lang='lat'><strong>480</strong></span> 
     </span>
     <span class='ocr_line' id='line_1_16' title="bbox 233 1212 1642 1283; baseline 0.003 -16"><span class='ocrx_word' id='word_1_95' title='bbox 233 1214 336 1267; x_wconf 86' lang='lat' dir='ltr'><strong>Hic</strong></span> <span class='ocrx_word' id='word_1_96' title='bbox 371 1213 608 1267; x_wconf 89' lang='lat' dir='ltr'><strong>multum</strong></span> <span class='ocrx_word' id='word_1_97' title='bbox 643 1212 763 1266; x_wconf 87' lang='lat' dir='ltr'><strong>fleti</strong></span> <span class='ocrx_word' id='word_1_98' title='bbox 797 1213 871 1265; x_wconf 90' lang='lat' dir='ltr'><strong>ad</strong></span> <span class='ocrx_word' id='word_1_99' title='bbox 906 1230 1133 1282; x_wconf 88' lang='lat' dir='ltr'><strong>superos</strong></span> <span class='ocrx_word' id='word_1_100' title='bbox 1169 1212 1421 1283; x_wconf 89' lang='lat' dir='ltr'><strong>belloque</strong></span> <span class='ocrx_word' id='word_1_101' title='bbox 1457 1215 1642 1271; x_wconf 77' lang='lat' dir='ltr'><strong>caduci</strong></span> 
     </span>
     <span class='ocr_line' id='line_1_17' title="bbox 231 1288 1785 1358; baseline 0.002 -15"><span class='ocrx_word' id='word_1_102' title='bbox 231 1288 594 1356; x_wconf 78' lang='lat' dir='ltr'><strong>Dardanidae,</strong></span> <span class='ocrx_word' id='word_1_103' title='bbox 631 1305 766 1358; x_wconf 88' lang='lat' dir='ltr'><strong>quos</strong></span> <span class='ocrx_word' id='word_1_104' title='bbox 799 1288 891 1343; x_wconf 89' lang='lat' dir='ltr'><strong>ille</strong></span> <span class='ocrx_word' id='word_1_105' title='bbox 927 1288 1101 1342; x_wconf 88' lang='lat' dir='ltr'><strong>omnis</strong></span> <span class='ocrx_word' id='word_1_106' title='bbox 1134 1289 1294 1358; x_wconf 88' lang='lat' dir='ltr'><strong>longo</strong></span> <span class='ocrx_word' id='word_1_107' title='bbox 1330 1289 1521 1346; x_wconf 86' lang='lat' dir='ltr'><strong>ordine</strong></span> <span class='ocrx_word' id='word_1_108' title='bbox 1557 1308 1785 1347; x_wconf 86' lang='lat' dir='ltr'><strong>cernens</strong></span> 
     </span>
     <span class='ocr_line' id='line_1_18' title="bbox 232 1364 1909 1436; baseline 0.002 -17"><span class='ocrx_word' id='word_1_109' title='bbox 232 1367 522 1435; x_wconf 84' lang='lat' dir='ltr'><strong>Ingemmt,</strong></span> <span class='ocrx_word' id='word_1_110' title='bbox 560 1364 932 1435; x_wconf 83' lang='lat' dir='ltr'><strong>Glaucumque</strong></span> <span class='ocrx_word' id='word_1_111' title='bbox 967 1364 1343 1434; x_wconf 76' lang='lat' dir='ltr'><strong>Medontaque</strong></span> <span class='ocrx_word' id='word_1_112' title='bbox 1380 1366 1909 1436; x_wconf 85' lang='lat' dir='ltr'><strong>Thersilochumque,</strong></span> 
     </span>
     <span class='ocr_line' id='line_1_19' title="bbox 231 1441 1777 1511; baseline 0 -15"><span class='ocrx_word' id='word_1_113' title='bbox 231 1442 348 1496; x_wconf 87' lang='lat' dir='ltr'><strong>Tris</strong></span> <span class='ocrx_word' id='word_1_114' title='bbox 385 1442 771 1509; x_wconf 82' lang='lat' dir='ltr'><strong>Antenoridas,</strong></span> <span class='ocrx_word' id='word_1_115' title='bbox 809 1441 1107 1510; x_wconf 85' lang='lat' dir='ltr'><strong>Cererique</strong></span> <span class='ocrx_word' id='word_1_116' title='bbox 1144 1458 1356 1495; x_wconf 88' lang='lat' dir='ltr'><strong>sacrum</strong></span> <span class='ocrx_word' id='word_1_117' title='bbox 1396 1442 1777 1511; x_wconf 63' lang='lat' dir='ltr'><strong>Polyphoetem</strong></span> 
     </span>
     <span class='ocr_line' id='line_1_20' title="bbox 232 1518 1925 1586; baseline 0.001 -15"><span class='ocrx_word' id='word_1_118' title='bbox 232 1518 586 1586; x_wconf 81' lang='lat' dir='ltr'><strong>Idaeumque,</strong></span> <span class='ocrx_word' id='word_1_119' title='bbox 623 1519 787 1573; x_wconf 89' lang='lat' dir='ltr'><strong>etiam</strong></span> <span class='ocrx_word' id='word_1_120' title='bbox 823 1534 1027 1586; x_wconf 76' lang='lat' dir='ltr'><strong>curruS,</strong></span> <span class='ocrx_word' id='word_1_121' title='bbox 1065 1519 1232 1571; x_wconf 79' lang='lat' dir='ltr'><strong>etiam</strong></span> <span class='ocrx_word' id='word_1_122' title='bbox 1268 1534 1421 1571; x_wconf 89' lang='lat' dir='ltr'><strong>arma</strong></span> <span class='ocrx_word' id='word_1_123' title='bbox 1457 1522 1751 1573; x_wconf 85' lang='lat' dir='ltr'><strong>tenentem.</strong></span> <span class='ocrx_word' id='word_1_124' title='bbox 1848 1532 1925 1573; x_wconf 72' lang='grc'><strong>485</strong></span> 
     </span>
     <span class='ocr_line' id='line_1_21' title="bbox 233 1594 1743 1662; baseline -0.001 -13"><span class='ocrx_word' id='word_1_125' title='bbox 233 1595 600 1649; x_wconf 80' lang='lat' dir='ltr'><strong>Circumstant</strong></span> <span class='ocrx_word' id='word_1_126' title='bbox 635 1594 846 1648; x_wconf 91' lang='lat' dir='ltr'><strong>animae</strong></span> <span class='ocrx_word' id='word_1_127' title='bbox 883 1594 1079 1648; x_wconf 84' lang='lat' dir='ltr'><strong>dextra</strong></span> <span class='ocrx_word' id='word_1_128' title='bbox 1115 1594 1381 1662; x_wconf 81' lang='lat' dir='ltr'><strong>laevaque</strong></span> <span class='ocrx_word' id='word_1_129' title='bbox 1414 1595 1743 1661; x_wconf 83' lang='lat' dir='ltr'><strong>frequentes.</strong></span> 
     </span>
    </p>

    <p class='ocr_par' dir='ltr' id='par_1_10' title="bbox 232 1669 1751 1740">
     <span class='ocr_line' id='line_1_22' title="bbox 232 1669 1751 1740; baseline -0.001 -15"><span class='ocrx_word' id='word_1_130' title='bbox 232 1671 281 1725; x_wconf 87' lang='lat' dir='ltr'>N</span> <span class='ocrx_word' id='word_1_131' title='bbox 284 1688 346 1726; x_wconf 88' lang='lat' dir='ltr'><strong>ec</strong></span> <span class='ocrx_word' id='word_1_132' title='bbox 383 1670 584 1724; x_wconf 83' lang='lat' dir='ltr'><strong>vidisse</strong></span> <span class='ocrx_word' id='word_1_133' title='bbox 620 1670 786 1724; x_wconf 90' lang='lat' dir='ltr'><strong>semel</strong></span> <span class='ocrx_word' id='word_1_134' title='bbox 821 1670 954 1724; x_wconf 86' lang='lat' dir='ltr'><strong>satis</strong></span> <span class='ocrx_word' id='word_1_135' title='bbox 991 1673 1106 1736; x_wconf 87' lang='lat' dir='ltr'><strong>est;</strong></span> <span class='ocrx_word' id='word_1_136' title='bbox 1141 1669 1291 1724; x_wconf 88' lang='lat' dir='ltr'><strong>iuvat</strong></span> <span class='ocrx_word' id='word_1_137' title='bbox 1325 1686 1499 1740; x_wconf 87' lang='lat' dir='ltr'><strong>usque</strong></span> <span class='ocrx_word' id='word_1_138' title='bbox 1534 1670 1751 1740; x_wconf 89' lang='lat' dir='ltr'><strong>morari,</strong></span> 
     </span>
    </p>

    <p class='ocr_par' dir='ltr' id='par_1_11' title="bbox 233 1746 1768 1814">
     <span class='ocr_line' id='line_1_23' title="bbox 233 1746 1768 1814; baseline 0.001 -15"><span class='ocrx_word' id='word_1_139' title='bbox 233 1747 304 1800; x_wconf 88' lang='lat' dir='ltr'><strong>Et</strong></span> <span class='ocrx_word' id='word_1_140' title='bbox 338 1747 584 1801; x_wconf 86' lang='lat' dir='ltr'><strong>conferre</strong></span> <span class='ocrx_word' id='word_1_141' title='bbox 618 1747 867 1814; x_wconf 85' lang='lat' dir='ltr'><strong>gradum,</strong></span> <span class='ocrx_word' id='word_1_142' title='bbox 905 1750 963 1800; x_wconf 91' lang='lat' dir='ltr'><strong>et</strong></span> <span class='ocrx_word' id='word_1_143' title='bbox 997 1746 1254 1802; x_wconf 80' lang='lat' dir='ltr'><strong>veniendi</strong></span> <span class='ocrx_word' id='word_1_144' title='bbox 1291 1746 1503 1800; x_wconf 87' lang='lat' dir='ltr'><strong>discere</strong></span> <span class='ocrx_word' id='word_1_145' title='bbox 1539 1763 1768 1800; x_wconf 87' lang='lat' dir='ltr'><strong>caussas.</strong></span> 
     </span>
    </p>

    <p class='ocr_par' dir='ltr' id='par_1_12' title="bbox 232 1822 1924 2044">
     <span class='ocr_line' id='line_1_24' title="bbox 232 1822 1827 1892; baseline 0.002 -17"><span class='ocrx_word' id='word_1_146' title='bbox 232 1824 313 1876; x_wconf 90' lang='lat' dir='ltr'><strong>At</strong></span> <span class='ocrx_word' id='word_1_147' title='bbox 346 1822 596 1875; x_wconf 89' lang='lat' dir='ltr'><strong>Danaum</strong></span> <span class='ocrx_word' id='word_1_148' title='bbox 630 1837 883 1890; x_wconf 87' lang='lat' dir='ltr'><strong>proceres</strong></span> <span class='ocrx_word' id='word_1_149' title='bbox 921 1822 1495 1892; x_wconf 86' lang='lat' dir='ltr'><strong>Agamemnoniaeque</strong></span> <span class='ocrx_word' id='word_1_150' title='bbox 1530 1822 1827 1892; x_wconf 86' lang='lat' dir='ltr'><strong>phalanges</strong></span> 
     </span>
     <span class='ocr_line' id='line_1_25' title="bbox 235 1897 1924 1968; baseline 0.001 -16"><span class='ocrx_word' id='word_1_151' title='bbox 235 1899 311 1953; x_wconf 87' lang='lat' dir='ltr'><strong>Ut</strong></span> <span class='ocrx_word' id='word_1_152' title='bbox 345 1897 534 1952; x_wconf 85' lang='lat' dir='ltr'><strong>videre</strong></span> <span class='ocrx_word' id='word_1_153' title='bbox 567 1897 744 1951; x_wconf 87' lang='lat' dir='ltr'><strong>virum</strong></span> <span class='ocrx_word' id='word_1_154' title='bbox 778 1898 1151 1968; x_wconf 85' lang='lat' dir='ltr'><strong>fulgentiaque</strong></span> <span class='ocrx_word' id='word_1_155' title='bbox 1186 1915 1339 1952; x_wconf 89' lang='lat' dir='ltr'><strong>arma</strong></span> <span class='ocrx_word' id='word_1_156' title='bbox 1372 1915 1473 1967; x_wconf 90' lang='lat' dir='ltr'><strong>per</strong></span> <span class='ocrx_word' id='word_1_157' title='bbox 1506 1899 1744 1968; x_wconf 86' lang='lat' dir='ltr'><strong>umbras,</strong></span> <span class='ocrx_word' id='word_1_158' title='bbox 1850 1912 1924 1953; x_wconf 81' lang='lat'><strong>490</strong></span> 
     </span>
     <span class='ocr_line' id='line_1_26' title="bbox 234 1973 1609 2044; baseline 0 -16"><span class='ocrx_word' id='word_1_159' title='bbox 234 1974 453 2042; x_wconf 86' lang='lat' dir='ltr'><strong>Ingenti</strong></span> <span class='ocrx_word' id='word_1_160' title='bbox 487 1973 768 2042; x_wconf 87' lang='lat' dir='ltr'><strong>trepidare</strong></span> <span class='ocrx_word' id='word_1_161' title='bbox 803 1977 986 2040; x_wconf 85' lang='lat' dir='ltr'><strong>metu3</strong></span> <span class='ocrx_word' id='word_1_162' title='bbox 1021 1991 1152 2043; x_wconf 87' lang='lat' dir='ltr'><strong>pars</strong></span> <span class='ocrx_word' id='word_1_163' title='bbox 1187 1978 1403 2028; x_wconf 84' lang='lat' dir='ltr'><strong>vertere</strong></span> <span class='ocrx_word' id='word_1_164' title='bbox 1438 1978 1609 2044; x_wconf 86' lang='lat' dir='ltr'><strong>terga,</strong></span> 
     </span>
    </p>

    <p class='ocr_par' dir='ltr' id='par_1_13' title="bbox 230 2049 1727 2196">
     <span class='ocr_line' id='line_1_27' title="bbox 231 2049 1727 2121; baseline 0 -16"><span class='ocrx_word' id='word_1_165' title='bbox 231 2051 342 2106; x_wconf 82' lang='lat' dir='ltr'><strong>Ceu</strong></span> <span class='ocrx_word' id='word_1_166' title='bbox 379 2049 655 2120; x_wconf 87' lang='lat' dir='ltr'><strong>quondam</strong></span> <span class='ocrx_word' id='word_1_167' title='bbox 688 2049 902 2121; x_wconf 87' lang='lat' dir='ltr'><strong>petiere</strong></span> <span class='ocrx_word' id='word_1_168' title='bbox 937 2053 1115 2115; x_wconf 82' lang='lat' dir='ltr'><strong>rates3</strong></span> <span class='ocrx_word' id='word_1_169' title='bbox 1150 2067 1279 2120; x_wconf 88' lang='lat' dir='ltr'><strong>pars</strong></span> <span class='ocrx_word' id='word_1_170' title='bbox 1314 2051 1507 2106; x_wconf 85' lang='lat' dir='ltr'><strong>tollere</strong></span> <span class='ocrx_word' id='word_1_171' title='bbox 1540 2068 1727 2106; x_wconf 86' lang='lat' dir='ltr'><strong>vocem</strong></span> 
     </span>
     <span class='ocr_line' id='line_1_28' title="bbox 230 2126 1627 2196; baseline 0 -16"><span class='ocrx_word' id='word_1_172' title='bbox 230 2126 528 2196; x_wconf 84' lang='lat' dir='ltr'><strong>Exiguam:</strong></span> <span class='ocrx_word' id='word_1_173' title='bbox 563 2127 810 2194; x_wconf 86' lang='lat' dir='ltr'><strong>inceptus</strong></span> <span class='ocrx_word' id='word_1_174' title='bbox 845 2127 1048 2180; x_wconf 89' lang='lat' dir='ltr'><strong>clamor</strong></span> <span class='ocrx_word' id='word_1_175' title='bbox 1083 2127 1383 2181; x_wconf 80' lang='lat' dir='ltr'><strong>frustratur</strong></span> <span class='ocrx_word' id='word_1_176' title='bbox 1417 2127 1627 2180; x_wconf 80' lang='lat' dir='ltr'><strong>hiantis,</strong></span> 
     </span>
    </p>

    <p class='ocr_par' dir='ltr' id='par_1_14' title="bbox 229 2203 1926 2652">
     <span class='ocr_line' id='line_1_29' title="bbox 300 2203 1679 2273; baseline -0.001 -15"><span class='ocrx_word' id='word_1_177' title='bbox 300 2206 494 2273; x_wconf 86' lang='lat' dir='ltr'><strong>Atque</strong></span> <span class='ocrx_word' id='word_1_178' title='bbox 529 2203 618 2256; x_wconf 88' lang='lat' dir='ltr'><strong>hic</strong></span> <span class='ocrx_word' id='word_1_179' title='bbox 657 2203 968 2256; x_wconf 87' lang='lat' dir='ltr'><strong>Priamiden</strong></span> <span class='ocrx_word' id='word_1_180' title='bbox 1003 2203 1266 2257; x_wconf 88' lang='lat' dir='ltr'><strong>laniatum</strong></span> <span class='ocrx_word' id='word_1_181' title='bbox 1301 2219 1525 2271; x_wconf 88' lang='lat' dir='ltr'><strong>corpore</strong></span> <span class='ocrx_word' id='word_1_182' title='bbox 1560 2205 1679 2256; x_wconf 88' lang='lat' dir='ltr'><strong>toto</strong></span> 
     </span>
     <span class='ocr_line' id='line_1_30' title="bbox 229 2278 1926 2350; baseline 0 -16"><span class='ocrx_word' id='word_1_183' title='bbox 229 2279 579 2350; x_wconf 86' lang='lat' dir='ltr'><strong>Deiphobum</strong></span> <span class='ocrx_word' id='word_1_184' title='bbox 613 2278 764 2332; x_wconf 88' lang='lat' dir='ltr'><strong>videt</strong></span> <span class='ocrx_word' id='word_1_185' title='bbox 801 2283 858 2332; x_wconf 90' lang='lat' dir='ltr'><strong>et</strong></span> <span class='ocrx_word' id='word_1_186' title='bbox 892 2278 1132 2334; x_wconf 87' lang='lat' dir='ltr'><strong>lacerum</strong></span> <span class='ocrx_word' id='word_1_187' title='bbox 1166 2278 1465 2334; x_wconf 85' lang='lat' dir='ltr'><strong>crudeliter</strong></span> <span class='ocrx_word' id='word_1_188' title='bbox 1500 2294 1609 2345; x_wconf 89' lang='lat' dir='ltr'><strong>ora,</strong></span> <span class='ocrx_word' id='word_1_189' title='bbox 1852 2292 1926 2334; x_wconf 74' lang='grc'><strong>486</strong></span> 
     </span>
     <span class='ocr_line' id='line_1_31' title="bbox 231 2353 1815 2426; baseline -0.001 -16"><span class='ocrx_word' id='word_1_190' title='bbox 231 2356 343 2410; x_wconf 89' lang='lat' dir='ltr'><strong>Ora</strong></span> <span class='ocrx_word' id='word_1_191' title='bbox 377 2371 678 2423; x_wconf 86' lang='lat' dir='ltr'><strong>manusque</strong></span> <span class='ocrx_word' id='word_1_192' title='bbox 714 2354 918 2423; x_wconf 75' lang='lat' dir='ltr'><strong>ambaS,</strong></span> <span class='ocrx_word' id='word_1_193' title='bbox 955 2355 1323 2426; x_wconf 83' lang='lat' dir='ltr'><strong>populataque</strong></span> <span class='ocrx_word' id='word_1_194' title='bbox 1358 2357 1609 2422; x_wconf 86' lang='lat' dir='ltr'><strong>tempora</strong></span> <span class='ocrx_word' id='word_1_195' title='bbox 1641 2353 1815 2423; x_wconf 85' lang='lat' dir='ltr'><strong>raptis</strong></span> 
     </span>
     <span class='ocr_line' id='line_1_32' title="bbox 235 2429 1607 2496; baseline -0.001 -11"><span class='ocrx_word' id='word_1_196' title='bbox 235 2430 492 2496; x_wconf 87' lang='lat' dir='ltr'><strong>Auribus,</strong></span> <span class='ocrx_word' id='word_1_197' title='bbox 529 2435 601 2486; x_wconf 90' lang='lat' dir='ltr'><strong>et.</strong></span> <span class='ocrx_word' id='word_1_198' title='bbox 621 2434 839 2484; x_wconf 86' lang='lat' dir='ltr'><strong>truncas</strong></span> <span class='ocrx_word' id='word_1_199' title='bbox 874 2431 1161 2485; x_wconf 86' lang='lat' dir='ltr'><strong>inhonesto</strong></span> <span class='ocrx_word' id='word_1_200' title='bbox 1194 2431 1413 2484; x_wconf 84' lang='lat' dir='ltr'><strong>volnere</strong></span> <span class='ocrx_word' id='word_1_201' title='bbox 1446 2429 1607 2484; x_wconf 70' lang='lat' dir='ltr'><strong>naria</strong></span> 
     </span>
     <span class='ocr_line' id='line_1_33' title="bbox 231 2504 1747 2575; baseline -0.001 -15"><span class='ocrx_word' id='word_1_202' title='bbox 231 2506 342 2560; x_wconf 85' lang='lat' dir='ltr'><strong>Vix</strong></span> <span class='ocrx_word' id='word_1_203' title='bbox 377 2505 516 2559; x_wconf 85' lang='lat' dir='ltr'><strong>adeo</strong></span> <span class='ocrx_word' id='word_1_204' title='bbox 553 2504 813 2574; x_wconf 80' lang='lat' dir='ltr'><strong>adgnovit</strong></span> <span class='ocrx_word' id='word_1_205' title='bbox 847 2507 1183 2575; x_wconf 82' lang='lat' dir='ltr'><strong>pavitantem</strong></span> <span class='ocrx_word' id='word_1_206' title='bbox 1220 2509 1278 2560; x_wconf 90' lang='lat' dir='ltr'><strong>et</strong></span> <span class='ocrx_word' id='word_1_207' title='bbox 1314 2507 1435 2560; x_wconf 85' lang='lat' dir='ltr'><strong>dira</strong></span> <span class='ocrx_word' id='word_1_208' title='bbox 1468 2507 1747 2574; x_wconf 88' lang='lat' dir='ltr'><strong>tegentem</strong></span> 
     </span>
     <span class='ocr_line' id='line_1_34' title="bbox 230 2581 1585 2652; baseline -0.001 -16"><span class='ocrx_word' id='word_1_209' title='bbox 230 2581 522 2651; x_wconf 81' lang='lat' dir='ltr'><strong>Supplicia,</strong></span> <span class='ocrx_word' id='word_1_210' title='bbox 559 2585 617 2636; x_wconf 89' lang='lat' dir='ltr'><strong>et</strong></span> <span class='ocrx_word' id='word_1_211' title='bbox 651 2583 796 2636; x_wconf 86' lang='lat' dir='ltr'><strong>notis</strong></span> <span class='ocrx_word' id='word_1_212' title='bbox 833 2583 1123 2652; x_wconf 87' lang='lat' dir='ltr'><strong>compellat</strong></span> <span class='ocrx_word' id='word_1_213' title='bbox 1157 2581 1381 2636; x_wconf 84' lang='lat' dir='ltr'><strong>vocibus</strong></span> <span class='ocrx_word' id='word_1_214' title='bbox 1414 2581 1585 2635; x_wconf 90' lang='lat' dir='ltr'><strong>ultro:</strong></span> 
     </span>
    </p>

    <p class='ocr_par' dir='ltr' id='par_1_15' title="bbox 229 2655 1927 2803">
     <span class='ocr_line' id='line_1_35' title="bbox 229 2655 1927 2728; baseline -0.003 -16"><span class='ocrx_word' id='word_1_215' title='bbox 229 2657 520 2727; x_wconf 91' lang='lat' dir='ltr'><strong>Deiphobe</strong></span> <span class='ocrx_word' id='word_1_216' title='bbox 541 2658 890 2727; x_wconf 87' lang='lat' dir='ltr'><strong>armipotens,</strong></span> <span class='ocrx_word' id='word_1_217' title='bbox 913 2675 1089 2728; x_wconf 87' lang='lat' dir='ltr'><strong>genus</strong></span> <span class='ocrx_word' id='word_1_218' title='bbox 1111 2659 1224 2712; x_wconf 90' lang='lat' dir='ltr'><strong>alto</strong></span> <span class='ocrx_word' id='word_1_219' title='bbox 1248 2675 1281 2712; x_wconf 92' lang='lat' dir='ltr'><strong>a</strong></span> <span class='ocrx_word' id='word_1_220' title='bbox 1304 2657 1567 2726; x_wconf 90' lang='lat' dir='ltr'><strong>sanguine</strong></span> <span class='ocrx_word' id='word_1_221' title='bbox 1592 2655 1799 2723; x_wconf 83' lang='lat' dir='ltr'><strong>Teucri,</strong></span> <span class='ocrx_word' id='word_1_222' title='bbox 1852 2668 1927 2708; x_wconf 82' lang='lat'><strong>500</strong></span> 
     </span>
     <span class='ocr_line' id='line_1_36' title="bbox 230 2733 1556 2803; baseline -0.002 -15"><span class='ocrx_word' id='word_1_223' title='bbox 230 2733 368 2799; x_wconf 84' lang='lat' dir='ltr'><strong>Quis</strong></span> <span class='ocrx_word' id='word_1_224' title='bbox 400 2737 517 2788; x_wconf 86' lang='lat' dir='ltr'><strong>tam</strong></span> <span class='ocrx_word' id='word_1_225' title='bbox 551 2734 788 2788; x_wconf 88' lang='lat' dir='ltr'><strong>crudelis</strong></span> <span class='ocrx_word' id='word_1_226' title='bbox 823 2734 1034 2803; x_wconf 85' lang='lat' dir='ltr'><strong>optavit</strong></span> <span class='ocrx_word' id='word_1_227' title='bbox 1069 2750 1287 2788; x_wconf 88' lang='lat' dir='ltr'><strong>sumere</strong></span> <span class='ocrx_word' id='word_1_228' title='bbox 1321 2733 1556 2802; x_wconf 71' lang='lat' dir='ltr'><strong>poenas?</strong></span> 
     </span>
    </p>

    <p class='ocr_par' dir='ltr' id='par_1_16' title="bbox 229 2809 1689 2876">
     <span class='ocr_line' id='line_1_37' title="bbox 229 2809 1689 2876; baseline -0.003 -12"><span class='ocrx_word' id='word_1_229' title='bbox 229 2809 334 2864; x_wconf 83' lang='lat' dir='ltr'><strong>Cui</strong></span> <span class='ocrx_word' id='word_1_230' title='bbox 369 2812 590 2864; x_wconf 86' lang='lat' dir='ltr'><strong>tantum</strong></span> <span class='ocrx_word' id='word_1_231' title='bbox 623 2811 696 2865; x_wconf 90' lang='lat' dir='ltr'><strong>de</strong></span> <span class='ocrx_word' id='word_1_232' title='bbox 730 2813 790 2864; x_wconf 91' lang='lat' dir='ltr'><strong>te</strong></span> <span class='ocrx_word' id='word_1_233' title='bbox 823 2810 1010 2865; x_wconf 68' lang='lat' dir='ltr'><strong>licuit?</strong></span> <span class='ocrx_word' id='word_1_234' title='bbox 1081 2809 1220 2864; x_wconf 84' lang='lat' dir='ltr'><strong>Mihi</strong></span> <span class='ocrx_word' id='word_1_235' title='bbox 1254 2810 1401 2864; x_wconf 83' lang='lat' dir='ltr'><strong>sama</strong></span> <span class='ocrx_word' id='word_1_236' title='bbox 1435 2823 1689 2876; x_wconf 86' lang='lat' dir='ltr'><strong>suprema</strong></span> 
     </span>
    </p>

    <p class='ocr_par' dir='ltr' id='par_1_17' title="bbox 217 2885 1629 3031">
     <span class='ocr_line' id='line_1_38' title="bbox 217 2885 1629 2962; baseline -0.003 -22"><span class='ocrx_word' id='word_1_237' title='bbox 217 2885 410 2962; x_wconf 30' lang='lat' dir='ltr'><strong>‘Nocte</strong></span> <span class='ocrx_word' id='word_1_238' title='bbox 443 2885 574 2940; x_wconf 90' lang='lat' dir='ltr'><strong>tulit</strong></span> <span class='ocrx_word' id='word_1_239' title='bbox 607 2887 811 2940; x_wconf 88' lang='lat' dir='ltr'><strong>fessum</strong></span> <span class='ocrx_word' id='word_1_240' title='bbox 847 2891 1003 2941; x_wconf 83' lang='lat' dir='ltr'><strong>vasta</strong></span> <span class='ocrx_word' id='word_1_241' title='bbox 1037 2889 1098 2940; x_wconf 90' lang='lat' dir='ltr'><strong>te</strong></span> <span class='ocrx_word' id='word_1_242' title='bbox 1132 2886 1301 2940; x_wconf 89' lang='lat' dir='ltr'><strong>caede</strong></span> <span class='ocrx_word' id='word_1_243' title='bbox 1340 2885 1629 2952; x_wconf 87' lang='lat' dir='ltr'><strong>Pelasgum</strong></span> 
     </span>
     <span class='ocr_line' id='line_1_39' title="bbox 229 2960 1621 3031; baseline -0.002 -16"><span class='ocrx_word' id='word_1_244' title='bbox 229 2960 595 3016; x_wconf 81' lang='lat' dir='ltr'><strong>Procubuisse</strong></span> <span class='ocrx_word' id='word_1_245' title='bbox 631 2979 795 3031; x_wconf 85' lang='lat' dir='ltr'><strong>super</strong></span> <span class='ocrx_word' id='word_1_246' title='bbox 829 2963 1085 3016; x_wconf 83' lang='lat' dir='ltr'><strong>confusae</strong></span> <span class='ocrx_word' id='word_1_247' title='bbox 1108 2962 1321 3029; x_wconf 16' lang='lat' dir='ltr'><strong>*stragis</strong></span> <span class='ocrx_word' id='word_1_248' title='bbox 1356 2975 1621 3014; x_wconf 87' lang='lat' dir='ltr'><strong>acervum.</strong></span> 
     </span>
    </p>

    <p class='ocr_par' dir='ltr' id='par_1_18' title="bbox 227 3034 1928 3106">
     <span class='ocr_line' id='line_1_40' title="bbox 227 3034 1928 3106; baseline -0.004 -16"><span class='ocrx_word' id='word_1_249' title='bbox 227 3037 383 3091; x_wconf 89' lang='lat' dir='ltr'><strong>Tune</strong></span> <span class='ocrx_word' id='word_1_250' title='bbox 417 3041 636 3106; x_wconf 86' lang='lat' dir='ltr'><strong>egomet</strong></span> <span class='ocrx_word' id='word_1_251' title='bbox 672 3037 942 3092; x_wconf 89' lang='lat' dir='ltr'><strong>tumulum</strong></span> <span class='ocrx_word' id='word_1_252' title='bbox 979 3037 1229 3090; x_wconf 86' lang='lat' dir='ltr'><strong>Rhoeteo</strong></span> <span class='ocrx_word' id='word_1_253' title='bbox 1263 3036 1320 3088; x_wconf 90' lang='lat' dir='ltr'><strong>in</strong></span> <span class='ocrx_word' id='word_1_254' title='bbox 1355 3035 1517 3088; x_wconf 89' lang='lat' dir='ltr'><strong>litore</strong></span> <span class='ocrx_word' id='word_1_255' title='bbox 1553 3034 1768 3086; x_wconf 79' lang='lat' dir='ltr'><strong>inanem</strong></span> <span class='ocrx_word' id='word_1_256' title='bbox 1856 3044 1928 3084; x_wconf 76' lang='grc' dir='ltr'><strong>ωε</strong></span> 
     </span>
    </p>
   </div>
   <div class='ocr_carea' id='block_1_3' title="bbox 226 3107 1593 3234">
    <p class='ocr_par' dir='ltr' id='par_1_19' title="bbox 226 3107 1593 3234">
     <span class='ocr_line' id='line_1_41' title="bbox 226 3107 1593 3234; baseline -0.006 -66"><span class='ocrx_word' id='word_1_257' title='bbox 226 3112 523 3234; x_wconf 56' lang='grc' dir='ltr'><strong>Οοιιῗῢέῢιιί,</strong></span> <span class='ocrx_word' id='word_1_258' title='bbox 561 3116 620 3167; x_wconf 90' lang='lat' dir='ltr'><strong>et</strong></span> <span class='ocrx_word' id='word_1_259' title='bbox 654 3128 853 3182; x_wconf 87' lang='lat' dir='ltr'><strong>magna</strong></span> <span class='ocrx_word' id='word_1_260' title='bbox 887 3111 1068 3166; x_wconf 85' lang='lat' dir='ltr'><strong>Manis</strong></span> <span class='ocrx_word' id='word_1_261' title='bbox 1103 3114 1196 3164; x_wconf 88' lang='lat' dir='ltr'><strong>ter</strong></span> <span class='ocrx_word' id='word_1_262' title='bbox 1229 3125 1360 3164; x_wconf 83' lang='lat' dir='ltr'><strong>voce</strong></span> <span class='ocrx_word' id='word_1_263' title='bbox 1396 3107 1593 3161; x_wconf 84' lang='lat' dir='ltr'><strong>vocavi.</strong></span> 
     </span>
    </p>
   </div>
  </div>
 </body>
</html>
